3404 5368
747 522 789 588 31

214 710 250 770 in
281 705 376 770 rebus
406 706 554 791 mysticis
585 725 682 788 quam
705 705 933 780 versatissimo,
957 703 1117 768 rhetorem
1142 702 1211 768 dico
1235 703 1320 767 Aris·

216 826 327 892 tidem.
362 824 458 910 Apud
492 845 588 909 quem
628 827 663 888 in
681 845 682 850 ¹
698 822 785 889 Orat.
825 823 913 888 XIX.
950 823 1009 889 ud.
1045 823 1140 889 Dind.
1180 829 1259 888 tom.
1292 822 1319 901 I,

217 971 249 1034 p.
274 944 453 1012 415-417
476 967 552 1011 cum
574 945 733 1031 legimus:

259 1069 319 1142 Τόρ
331 1068 395 1150 γὰρ
407 1039 566 1142 Ἑλλήνων
578 1066 595 1142 ἢ
609 1067 658 1138 τίς
671 1065 839 1146 βορβόρου
852 1061 928 1130 οὑτοι
941 1065 1048 1138 σκαιός
1061 1065 1078 1142 ἢ
1092 1065 1228 1143 όνόαοος,
1241 1063 1258 1141 ἢ
1272 1065 1320 1138 τός

219 1185 294 1255 οῦτον
314 1188 435 1269 σφόδρα
455 1184 511 1263 ἔξω
524 1192 579 1260 τῆς
593 1194 651 1264 γῆς
665 1186 682 1262 ἢ
696 1187 775 1271 όεῦν,
790 1185 807 1260 ἢ
821 1185 999 1263 συλλήβδην
1013 1187 1109 1252 εἰπεῖν
1122 1192 1225 1250 καλοῦν
1238 1187 1322 1251 οὶναό-

220 1311 337 1388 σόιρτοο,
347 1345 390 1358 -
399 1305 483 1380 ὅστις
493 1309 525 1372 οῦ
538 1307 629 1372 κοινόν
643 1331 672 1371 τι
685 1314 740 1382 τῆς
754 1317 813 1384 γῆς
826 1307 1190 1386 ripacorcensem
1204 1311 1321 1386 ἡγεῖτο,

220 1426 273 1497 καὶ
298 1431 423 1496 πάντων
446 1426 504 1495 ὑσα
529 1430 596 1494 όεῖα
619 1428 792 1510 οξνόριὺπυις,
816 1429 914 1494 ταὺτὸ
938 1429 1185 1510 Φριαωὺέοτατόν
1209 1453 1244 1494 τε
1269 1428 1321 1493 καὶ

220 1551 446 1634 Φαιόρότατονς
480 1549 537 1614 τόιι
569 1523 686 1630 δ’ῦλλῳ
719 1549 818 1630 χωρίῳ
850 1549 867 1624 ἢ
893 1549 993 1627 μὺόυν
1016 1555 1123 1631 Φῆμαι
1149 1550 1325 1627 όαυμαστό-

220 1697 295 1753 τερα
327 1671 521 1752 cccccccccc,
549 1671 565 1744 ὑ
591 1671 634 1734 τόν
662 1669 799 1748 δρώμενα
822 1669 917 1752 μείζω
943 1669 1020 1750 ἔσχε
1044 1673 1099 1746 τὴν
1124 1669 1282 1750 ἔκπληξιν,
1306 1671 1323 1747 ἢ

221 1797 345 1871 μῦλλον
369 1793 411 1864 εἰς
437 1791 613 1873 ἐφάμιλλον
637 1791 774 1866 κατέστη
799 1799 869 1862 ταῖς
895 1792 1002 1862 όκοοιῖο
1026 1793 1069 1857 τόι
1090 1793 1241 1872 όρὺμενα;
1266 1788 1324 1856 ῦσα

222 1915 280 1992 μὲν
315 1913 350 1988 tt,
385 1913 455 1985 όέαο
491 1911 628 1994 ἐχόμενα
658 1907 738 1976 εἶδον
769 1911 875 1990 γενεαὶ
908 1915 1109 1989 παμπλυόεῖς
1141 1913 1325 1991 εὐδαιμόνων

223 2033 334 2112 οῦνῦρῦν
364 2035 415 2098 καὶ
449 2040 599 2110 γυναικῶν
630 2035 660 2097 ἐν
688 2041 752 2105 τοῖς
777 2033 913 2116 οὶρριὶτοις
937 2033 1124 2112 Φοόσμασιν·
1149 2025 1171 2099 ὑ
1195 2034 1265 2106 tat
1290 2035 1325 2100 τὸ

222 2155 315 2228 μέσον
338 2153 462 2229 ποιηταὶ
487 2153 539 2218 καὶ
565 2153 719 2230 λογοποιοὶ
745 2153 798 2218 καὶ
822 2161 1025 2235 συγγραφεῖς
1050 2155 1164 2228 πιόντες
1190 2157 1326 2235 ὑμνοῦσι,

222 2273 307 2354 κόρην
331 2277 385 2348 τὴν
407 2273 570 2352 Δήμητρος
589 2277 698 2354 ἀφανῆ
719 2273 863 2352 γενέσθαι
882 2274 988 2356 χρόνον
1008 2273 1090 2340 ἔστιν
1111 2269 1151 2354 ὑν,
1173 2278 1326 2357 Δήμητρα

223 2395 438 2475 δ’ἐπέρχεσόαι
457 2401 517 2472 μῦν
538 2399 646 2460 πᾶσαν
667 2395 718 2460 καὶ
740 2396 903 2461 όόλατταν
923 2395 1075 2476 ζητοῦσαν
1092 2397 1324 2484 τῆνόυγατόρα,

212 2499 297 2586 τέως
329 2515 385 2591 μὲν
417 2509 467 2578 οὑν
491 2515 552 2594 οὑχ
576 2511 640 2584 οἵαν
663 2540 697 2579 τε
722 2512 799 2581 εἷναι
823 2517 927 2602 εὑρεῖν,
954 2517 1101 2582 ἐλόοῦσαν
1126 2517 1199 2590 δἐός
1223 2521 1328 2584 Ἐλευ-

222 2643 295 2700 σῖνα
313 2636 368 2710 τόν
387 2660 422 2702 τε
444 2637 619 2714 ἐπωνυμίαν
640 2636 741 2702 δοῦναι
762 2639 804 2717 τῷ
825 2637 909 2718 τόπῳ
931 2638 982 2702 καὶ
1003 2641 1058 2714 τὴν
1078 2638 1164 2719 κόρην
1185 2642 1328 2720 εὑροῦσαν

221 2753 346 2832 ποιῆσαι
378 2757 420 2820 τό
451 2758 622 2838 μυστήρια
656 2759 709 2823 καὶ
743 2757 886 2836 γενέσθαι
919 2760 953 2834 tt
978 2759 1029 2824 τόν
1053 2768 1136 2825 σῖτον
1159 2763 1245 2842 παρόο
1270 2762 1327 2840 μὲν

220 2886 292 2944 ταῖν
313 2879 395 2944 όεαῦν
414 2886 477 2951 τοῖς
499 2877 678 2962 Ἀόηναόοιο,
700 2880 786 2960 παρὰ
807 2880 838 2944 δὲ
857 2887 915 2945 τῦν
934 2880 1101 2956 Ἀθηναίων
1121 2882 1172 2946 καὶ
1189 2883 1323 2958 Ἕλλησι

222 3000 273 3064 καὶ
298 2991 487 3080 βαρβαροῦς·
510 3037 552 3050 -
573 3001 625 3066 καὶ
650 3001 767 3073 τούτοις
793 3001 904 3074 Κελεός
929 3026 964 3066 τε
989 3002 1040 3066 καὶ
1066 3002 1244 3083 Μετάνειρα
1270 3004 1323 3068 καὶ

221 3120 435 3201 Τριπτόλεμος
455 3119 697 3202 ε’πιΦιρμόζυνται
718 3121 768 3185 καὶ
787 3117 917 3201 ἅρματα
933 3121 968 3197 δὴ
987 3122 1153 3202 δρακόντων
1166 3123 1324 3204 ὑπόπτερα

222 3244 294 3322 ὑπὲρ
321 3241 424 3317 πόσης
449 3249 508 3320 μῦς
535 3243 587 3307 καὶ
613 3242 772 3318 όαλοόττιρς
799 3243 974 3324 φερόμενα·
1001 3281 1044 3292 -

266 3365 353 3443 haec,
373 3365 454 3442 dico,
475 3386 550 3431 oum
569 3363 719 3450 legimns,
742 3386 845 3429 nonne
863 3365 1042 3431 luculenter
1061 3371 1159 3451 patet,
1177 3367 1229 3430 hio
1241 3368 1326 3437 inter

223 3507 255 3551 se
283 3489 410 3573 opponi,
435 3507 515 3570 qnae
539 3485 592 3551 vel
615 3487 756 3570 profanis
780 3489 990 3564 innotescant,
1017 3509 1160 3573 quaeque
1183 3507 1241 3552 nec
1264 3488 1327 3552 nisi

222 3609 427 3672 initiatorum
461 3608 674 3672 subiicientur
709 3604 831 3672 oculis?
867 3607 988 3672 Fabula
1025 3614 1134 3673 autem
1166 3608 1204 3672 de
1235 3605 1326 3684 Gora,

221 3729 322 3813 deque
353 3726 463 3806 Oelco,
496 3727 669 3805 Metanira,
702 3727 901 3814 Triptolemo
933 3729 1016 3821 nulli
1046 3751 1109 3794 non
1139 3733 1215 3792 nota
1246 3732 1324 3804 erat,

222 3870 324 3934 neque
354 3870 547 3936 magnopere
579 3851 733 3914 commoti
764 3855 878 3932 essent,
911 3852 1033 3934 opinor,
1064 3855 1200 3935 mystae,
1233 3851 1260 3911 si
1292 3868 1328 3912 ea

223 3975 352 4034 tantum
371 3970 589 4056 adspexissent
607 3991 687 4055 quae
708 3972 893 4055 saepissime
909 3969 1084 4036 audierant.
1113 3969 1179 4035 Nec
1196 3967 1329 4032 occultis

222 4091 350 4169 fabulis,
370 4113 548 4177 parumque
568 4127 610 4140 —-
622 4097 734 4156 utnon
747 4111 763 4154 a
776 4089 968 4156 Christianis
981 4097 1110 4155 tantum
1123 4089 1330 4174 scriptoribus

224 4214 449 4298 cognoscimus
468 4250 510 4261 —
530 4211 673 4277 honestis
690 4209 715 4290 ¹)
738 4213 773 4274 in
793 4231 959 4276 summum
978 4213 1187 4277 beatitudinis
1208 4214 1330 4274 statum

260 4395 284 4454 l)
308 4394 438 4454 Fouonnr,
461 4411 484 4458 p.
503 4393 534 4444 47
559 4389 629 4442 effert
652 4390 743 4455 Hymn.
766 4392 835 4455 orph.
858 4391 922 4450 XLI,
949 4393 1025 4450 5-9;
1050 4393 1081 4440 ct.
1105 4398 1130 4440 et
1146 4391 1226 4440 Procl.
1244 4390 1329 4438 Theol.

225 4475 291 4524 Plst.
309 4475 351 4535 Vl,
370 4477 409 4535 11,
426 4475 577 4540 ρ.1171;,1π
596 4473 661 4522 Plat.
679 4472 745 4521 Orat.
763 4488 786 4536 p.
804 4473 845 4522 90.
