3346 5376
858 487 921 554 raa
986 580 990 588 Π

343 669 445 735 dicere
480 668 627 754 solemus,
663 672 881 754 superstitioso
917 674 1108 755 correptum,
1145 692 1183 736 ex
1216 668 1433 756 penetralibus

169 863 172 870 ,
272 826 274 830 ’
341 814 508 858 reversum
522 869 524 874 ,
539 815 614 859 mox
644 795 784 858 animum
807 791 971 859 efflavisse.
1007 792 1130 879 Quippe
1153 793 1284 862 deorum
1308 792 1433 859 daemo-

341 937 482 1002 numque
504 916 688 1002 adspectum
711 915 952 983 formidolosum
975 938 1043 982 esse
1065 916 1265 997 mortalibus,
1290 919 1435 1003 aprime

340 1039 414 1104 inde
437 1037 586 1116 Homero,
611 1041 702 1104 cuius
724 1041 793 1124 ipsa
816 1040 892 1104 haec
917 1045 991 1104 sunt
1015 1041 1120 1118 verba,

543 1177 680 1269 χαλέποὶ
705 1191 734 1255 δὲ
760 1191 816 1256 drol
841 1192 1004 1271 4131333133
1031 1189 1156 1271 ἐναργές
1179 1217 1181 1221 ·

341 1340 379 1408 11.
412 1341 485 1418 XX,
520 1341 594 1420 131,
619 1344 758 1428 antiquis
781 1344 1060 1427 persuasissimum
1084 1348 1161 1407 erat.
1197 1338 1245 1407 Ac
1268 1341 1433 1428 theurgos,

340 1484 380 1528 ne
410 1463 560 1528 divorum
583 1466 768 1549 praesentiis
791 1462 1001 1542 laederentur,
1026 1469 1099 1528 ante
1121 1465 1226 1548 ipsam
1250 1465 1435 1528 incantatio·

339 1607 412 1650 nem
446 1587 575 1662 ἁγνείαν
609 1607 760 1664 servasse,
797 1588 863 1651 iam
894 1587 911 1671 d
938 1585 978 1650 14
1011 1584 1169 1664 vidimus3
1202 1588 1295 1650 iuvat
1327 1591 1434 1652 tamen

339 1729 450 1772 rursus
481 1707 659 1772 Lucianum
690 1707 830 1786 laudare,
863 1707 937 1772 Nec.
972 1704 1002 1785 7,
1035 1707 1092 1772 ubi
1124 1705 1296 1792 Menippus
1322 1706 1435 1774 ideoa

340 1852 436 1917 mago
467 1852 500 1895 se
530 1851 596 1896 3333
627 1831 802 1896 lustratum
834 1830 980 1908 affirmat,
1010 1827 1058 1894 ua
1082 1829 1353 1907 bilisasarium
1377 1829 1433 1893 rial

340 1953 398 2016 τῶν
430 1953 619 2033 dcccdccc.
665 1953 776 2037 Neque
808 1951 870 2017 3113
901 1952 1041 2037 profecto
1073 1954 1153 2018 ratio
1185 1953 1249 2016 fuit
1278 1955 1435 2040 mysticae

338 2075 529 2161 initiationis
552 2095 653 2160 neque
676 2072 774 2138 aliam
797 2075 835 2138 ob
859 2094 988 2139 causam
1007 2073 1148 2159 profanis
1167 2074 1348 2140 mortiferas
1368 2096 1435 2141 esso

342 2197 548 2260 33331333133
570 2197 724 2282 mysticas
747 2195 888 2260 ferebant
904 2192 939 2276 ¹).
1387 2185 1389 2189 ’

385 2315 432 2381 De
461 2316 568 2382 Isiacis
600 2320 764 2404 mysteriis
795 2338 874 2403 quae
905 2317 1001 2381 refert
1032 2317 1204 2382 Pausanias
1235 2320 1263 2382 si
1286 2339 1359 2383 cum
1382 2319 1432 2397 iis,

323 2437 419 2524 'quae
443 2432 599 2525 Apuleius
623 2446 757 2516 enarrat,
782 2440 983 2516 conferimus,
1004 2440 1089 2504 hunc
1107 2442 1332 2518 initiationem,
1353 2462 1433 2526 quae

339 2560 477 2647 singulis
511 2565 727 2646 contingeret,
750 2561 931 2642 delineare,
965 2559 1061 2626 illum
1096 2560 1250 2626 solemnia
1285 2543 1432 2649 mystica,

335 2684 452 2768 quibus
482 2704 539 2747 neo
569 2683 669 2748 Isiaca
699 2682 814 2768 religio
846 2689 975 2760 careret,
1008 2684 1186 2769 quibusque
1217 2705 1280 2749 una
1312 2682 1430 2768 plures,

335 2806 395 2868 etsi
422 2825 484 2868 non
503 2826 620 2892 magna
640 2807 689 2870 vis
708 2805 923 2890 hominum2),
943 2806 1155 2883 initiarentur,
1177 2811 1316 2890 spectare
1334 2812 1432 2891 patet.

335 2926 539 2992 solemnibus
569 2932 676 2992 autem
710 2932 742 2992 31
764 2925 908 2991 Isiaoaeis
933 2932 963 2990 et
986 2925 1195 2992 1113331313313
1218 2933 1341 3012 spectra
1364 2928 1434 2992 deo-

334 3071 409 3114 rum
432 3051 549 3136 mystis
572 3070 639 3114 3333
663 3050 785 3114 obiecta
808 3069 870 3113 non
894 3053 941 3113 est
964 3048 1049 3134 quod
1067 3048 1252 3113 indubium
1269 3070 1429 3114 vocemus.

336 3168 383 3234 Ao
417 3169 573 3255 quomodo
607 3170 666 3234 hoc
701 3169 770 3234 fieri
804 3172 847 3234 311
882 3169 1015 3235 solitum
1051 3172 1078 3234 31
1108 3191 1269 3256 rogamus,
1301 3193 1357 3236 333
1388 3172 1432 3237 du

335 3290 440 3356 Prelio
459 3293 651 3356 assentimur
671 3290 882 3368 contendenti,
902 3293 1035 3356 materie
1055 3313 1071 3356 e
1089 3291 1446 3377 corporibushumanis'

337 3419 454 3497 sumta,
486 3433 577 3500 posse
600 3413 737 3477 formam
761 3411 892 3478 induere
916 3411 1049 3478 solidam
1076 3416 1253 3498 superiores
1277 3415 1431 3500 quasdam

336 3541 473 3609 naturas,
501 3572 541 3583 -
568 3540 663 3619 atque
694 3534 730 3599 de
760 3534 846 3601 hisce
875 3534 1038 3600 miraculis
1064 3556 1212 3601 reverens
1236 3536 1323 3616 fiant,
1347 3540 1433 3602 13133

334 3659 419 3722 viros
439 3657 544 3722 doctos
564 3656 707 3721 nondum
727 3659 874 3722 convenit
900 3694 939 3704 —
964 3664 1020 3722 331
1044 3656 1156 3723 Stellio
1171 3655 1196 3738 ³)
1215 3661 1428 3724 assentiamur

334 3800 457 3844 3333333
481 3785 528 3843 331
547 3779 736 3855 33311313311,
761 3777 934 3843 sacerdotes
958 3780 1104 3864 antiquos
1117 3778 1153 3863 4),
1182 3789 1218 3844 ut
1242 3779 1296 3846 vel
1322 3786 1430 3846 nostra

334 3905 436 3966 aetate
460 3921 573 3986 magos
597 3899 731 3978 Indicos,
756 3906 788 3965 et
811 3899 1019 3986 vigilantium
1040 3901 1202 3966 mentibus
1225 3924 1428 3988 quascunque

366 4145 393 4209 1)
411 4145 447 4194 cf.
466 4153 490 4194 31
506 4145 546 4194 hic
563 4161 625 4209 quae
645 4146 655 4206 1
673 4143 705 4192 14
722 4161 746 4209 p.
764 4145 795 4193 65
813 4161 848 4208 sq.
866 4145 1001 4196 attulimus.

366 4228 391 4288 2)
406 4227 444 4275 Cf.
462 4243 523 4291 quse
540 4227 586 4275 hac
603 4226 632 4274 (13
649 4241 674 4274 33
692 4230 702 4288 §
721 4228 734 4274 9
754 4243 777 4290 p.
796 4227 827 4275 89
846 4226 1031 4291 disputavimus.

366 4311 389 4372 e)
408 4309 436 4358 0.
454 4310 543 4367 Sronu,
561 4307 704 4372 suggestion
722 4309 769 4358 und
785 4309 960 4374 Hypnotismus
974 4311 999 4359 in
1016 4311 1057 4360 der
1071 4309 1323 4376 lekerpsychologie‚
1337 4312 1428 4376 paca.

364 4395 389 4455 4)
407 4392 531 4456 Quosdam
546 4391 612 4440 locos
630 4408 657 4440 ex
673 4391 780 4456 antiquis
795 4392 951 4456 scriptoribus
964 4393 1011 4442 huc
1025 4393 1172 4458 pertinentes
1186 4394 1212 4442 in
1226 4393 1341 4459 opimstro
1355 4395 1429 4445 tertio

330 4475 496 4526 tractabimus.
