3404 5368
757 553 799 618 25

228 737 363 813 tissima.
384 733 456 799 Duo
476 738 585 800 autem
605 740 694 800 erant
706 736 840 800 huiusce
852 737 1043 800 initiationis
1054 736 1183 821 gradus,
1196 739 1329 824 myesis‚

227 855 266 920 ad
296 875 392 940 quem
424 856 535 921 eodem
564 860 661 942 atque
686 857 726 922 ad
748 859 874 940 minora
897 860 1053 945 mysteria
1075 879 1166 941 anno,
1191 861 1330 944 epoptia·

226 998 297 1061 que,
321 977 360 1042 ad
384 998 481 1062 quem
505 977 558 1044 vel
580 1000 644 1043 uno
667 985 740 1063 post
762 981 887 1065 myesin
912 1001 1003 1057 anno,
1029 979 1082 1045 vel
1108 979 1255 1066 pluribus
1279 1002 1330 1046 an-

225 1101 274 1162 nis
297 1103 380 1184 post,
406 1099 658 1164 admittebantur
681 1099 830 1164 initiandi
844 1097 879 1180 ¹).

245 1218 361 1299 'Quod
392 1219 432 1285 ad
463 1222 608 1306 ipsarum
640 1222 757 1286 attinet
778 1223 1044 1287 caerimoniarum
1068 1227 1212 1288 tenorem
1235 1227 1330 1308 atque

225 1341 332 1419 finem,
357 1341 476 1408 diversi
499 1345 625 1428 generis
652 1363 749 1420 sacra,
775 1364 855 1429 quae
877 1345 1014 1408 initiatis
1037 1365 1101 1410 non
1125 1344 1232 1410 solum
1256 1365 1331 1409 oum

225 1461 350 1528 laetitia
381 1463 513 1529 vivendi
542 1466 700 1530 rationem
732 1465 929 1548 praeberent,
963 1466 1018 1530 sed
1048 1467 1147 1530 etiam
1178 1487 1252 1532 oum
1276 1487 1331 1550 spe

227 1583 360 1650 meliore
391 1585 547 1651 moriendi
561 1585 594 1664 ²),
627 1584 756 1652 vinculo
787 1587 1041 1670 continebantur,
1075 1593 1112 1652 ut
1142 1589 1189 1652 ita
1216 1587 1329 1665 dicam,

227 1709 385 1794 mythico.
411 1706 530 1772 Verum
553 1707 735 1772 cuiusmodi
757 1706 910 1774 fabularis
929 1710 963 1771 in
980 1705 1154 1774 Eleusiniis
1166 1710 1332 1796 mysteriis

226 1829 325 1893 fuerit
358 1829 501 1906 historia,
536 1849 680 1913 quaeque
714 1829 812 1893 huius
844 1829 997 1895 historiae
1028 1835 1134 1915 partes
1164 1832 1198 1894 in
1228 1831 1333 1916 myeei

227 1951 479 2015 communicatae
509 1951 574 2015 sint
603 1951 752 2032 initiatis,
784 1970 905 2041 quaeve
932 1952 966 2014 in
997 1953 1137 2036 epoptia,
1168 1971 1243 2016 cum
1275 1956 1332 2016 aut

227 2070 439 2135 arescentibus
458 2073 591 2135 utemur
610 2069 754 2136 fontibus
774 2075 831 2135 aut
851 2070 998 2149 turbidis,
1012 2077 1169 2158 procerte
1182 2076 1332 2157 statuere,

225 2211 275 2256 res
306 2211 500 2278 permagnae
531 2195 579 2256 est
612 2189 810 2256 difficultatis
825 2191 860 2276 ³).
892 2191 1003 2277 Neque
1033 2197 1071 2257 ut
1097 2193 1184 2258 hisce
1208 2192 1331 2278 diutius

226 2315 438 2379 immoremur
453 2313 587 2378 huiusce
607 2310 710 2376 libelli
730 2311 782 2378 vel
801 2314 944 2398 epatium
963 2315 1040 2378 sinit
1052 2312 1104 2380 vel
1117 2316 1330 2399 propositum.

226 2436 333 2500 Pauca
356 2434 589 2516 tantummodo,
614 2455 693 2520 quae
717 2433 845 2500 silentio
868 2437 1041 2520 praeterire
1065 2435 1111 2500 ias
1131 2455 1194 2498 non
1214 2439 1272 2511 est,
1293 2435 1332 2500 de

227 2562 357 2624 externa
381 2558 647 2622 caerimoniarum
672 2558 776 2642 specie
799 2558 832 2620 in
855 2556 1001 2621 medium
1024 2558 1233 2644 proferamus.

269 2676 435 2742 Fabularis
469 2679 578 2742 autem
612 2677 765 2742 historiae
800 2676 953 2761 quaedam
987 2679 1022 2740 in
1057 2679 1232 2744 maioribus
1263 2677 1330 2744 illis

224 2797 330 2864 teletis
354 2817 422 2863 esse
445 2797 604 2862 exhibitas
628 2799 943 2882 repraesentationes,
962 2803 994 2862 et
1014 2819 1053 2862 ex
1074 2796 1332 2864 Christianorum

227 2924 259 2984 et
294 2940 332 2984 ex
373 2917 550 3004 gentilium
591 2921 783 3004 scriptorum
826 2919 1018 2984 testimoniis
1053 2923 1141 3004 patet
1155 2919 1191 2997 ⁴).
1226 2920 1333 3006 Atque

226 3040 283 3105 has
309 3041 613 3124 repraesentationes
644 3039 743 3104 fuisse
772 3041 919 3118 scenicas,
953 3061 989 3105 eo
1016 3061 1118 3125 usque
1150 3039 1333 3125 praevaluit

225 3161 344 3246 opinio,
369 3165 407 3225 ut
429 3181 590 3245 nusquam
612 3160 678 3226 iere
696 3159 937 3227 Eleusiniorum
956 3163 1197 3248 mysteriorum,
1219 3163 1282 3226 nisi
1300 3167 1332 3227 et

259 3437 284 3496 1)
292 3434 330 3485 cf.
340 3434 383 3483 Fra.
393 3433 558 3482 Lauernam
566 3432 607 3481 da.
617 3433 663 3482 i.v.
672 3431 807 3492 Eleusinia,
814 3432 868 3483 Dic.
878 3433 901 3482 d.
911 3433 969 3482 Ant.
977 3433 1018 3483 Gr.
1026 3438 1049 3483 et
1057 3432 1126 3484 Rom.
1134 3439 1193 3485 tom.
1202 3435 1236 3493 ΙΙ,
1245 3451 1269 3500 p.
1279 3435 1335 3486 553.

260 3515 582 3579 EQMQEM

260 3601 287 3664 3)
305 3599 400 3664 Operae
421 3598 528 3662 pretium
551 3602 597 3657 est,
620 3597 684 3646 inter
704 3599 861 3656 reconferre,
881 3598 989 3661 quaeda
1008 3597 1159 3662 mythologie
1178 3597 1336 3648 Eleusiniaca

226 3683 302 3746 deque
323 3679 526 3730 caerimoniarum
549 3679 634 3728 ordine
658 3678 683 3728 in
705 3678 813 3728 medium
837 3679 991 3743 protulerunt
1014 3679 1077 3730 Oria.
1100 3679 1265 3729 innormen
1285 3681 1334 3740 Su„

226 3763 300 3814 Me'm.
326 3763 356 3812 de
378 3763 474 3812 l'Acad.
496 3763 538 3811 dea
559 3761 634 3810 Inacr.
652 3760 810 3811 tonxxlv
828 3761 867 3809 1¹⁰
879 3767 943 3825 part.
960 3778 983 3826 p.
1003 3762 1135 3810 aea-445
1153 3765 1233 3826 (quem
1251 3779 1334 3826 praeeo

226 3848 287 3912 pede
310 3845 420 3911 sequitur
443 3845 487 3895 dn.
510 3844 676 3894 Lunoauartr
692 3844 733 3894 Ja.
751 3843 768 3894 i.
778 3860 800 3893 v.
817 3843 954 3904 Eleusinia,
971 3843 1024 3894 Dio.
1043 3845 1067 3894 d.
1085 3845 1144 3895 Ant.
1162 3845 1203 3894 Gr.
1222 3849 1247 3894 et
1263 3845 1333 3895 Rom.

226 3935 286 3979 tom.
303 3928 338 3988 11,
356 3945 380 3994 p.
401 3928 556 3990 544-581);
580 3928 611 3976 A.
633 3927 743 3985 annon,
766 3925 860 3990 Psyche
881 3926 930 3974 und
952 3925 1013 3976 Eros
1031 3943 1055 3991 p.
1074 3925 1186 3985 72-91;
1205 3927 1334 3986 Ferietur,

226 4009 302 4060 Mem.
325 4010 355 4058 de
376 4008 471 4058 l’Auad.
497 4009 538 4058 dae
561 4009 636 4058 Inecr.
660 4013 719 4058 tom.
744 4007 831 4058 XXXV
854 4008 904 4057 2³1⁰
925 4013 988 4073 part.
1012 4024 1035 4072 p.
1061 4009 1155 4067 1-84;
1175 4007 1336 4058 Hennaeae,

227 4092 358 4157 Veralagen
383 4091 425 4140 der
451 4091 514 4140 Koa.
541 4091 613 4140 alrad.
640 4107 688 4140 van
713 4091 841 4140 wetenaoh.
871 4089 914 4150 XI,
940 4107 964 4155 p.
982 4091 1136 4146 ¹til-280:
1166 4091 1195 4140 O.
1223 4091 1337 4152 Gaurrn,

227 4175 383 4226 Griechiecha
399 4174 553 4238 Mythologie
572 4175 621 4224 und
637 4173 902 4238 Religionegaaohiohte
920 4189 944 4238 p.
963 4173 1076 4232 48-583
1096 4173 1127 4221 H.
1142 4171 1166 4222 S.
1176 4172 1336 4230 Arronnie

227 4257 360 4323 Mystarien
378 4273 426 4306 von
446 4255 550 4305 Eleusis.

261 4341 287 4400 4)
306 4339 342 4388 Cf.
361 4337 415 4387 Tat.
433 4337 502 4387 Orat.
516 4338 548 4386 ad
566 4338 607 4387 Gr.
628 4338 672 4396 18;
691 4337 766 4386 Clam.
785 4337 855 4385 Alex.
873 4336 951 4386 Pretr.
969 4336 1003 4396 11,
1022 4352 1046 4400 p.
1066 4336 1105 4396 12,
1126 4336 1163 4385 ed.
1181 4335 1249 4394 Pot.;
1269 4334 1336 4385 Tert.

228 4421 291 4469 Adv.
312 4419 381 4479 Val.;
404 4419 506 4484 Hippot.
531 4419 592 4468 Λᾶν.
616 4419 682 4468 haer.
705 4435 729 4484 p.
754 4419 803 4467 162
822 4419 859 4468 ed.
881 4417 1007 4478 Daneben
1026 4419 1105 4468 Aeter.
1126 4435 1164 4483 ap.
1183 4418 1268 4481 Migno
1285 4415 1336 4466 XL,

230 4519 254 4570 p.
275 4501 336 4561 3243
354 4501 441 4552 Claud.
460 4501 496 4550 De
513 4506 576 4568 rapt.
593 4501 704 4566 Proserp.
721 4500 742 4556 Ι,
760 4498 851 4553 7-19.
