3346 5376
933 513 997 582 124

414 696 465 762 καί
497 693 672 770 κινουμένων
706 696 894 780 φασμάτων,
926 697 964 762 af.
994 701 1026 761 at
1050 695 1110 760 Dio
1135 692 1298 780 Chrysost.
1325 694 1412 759 Orat.
1437 693 1510 771 XII,

412 842 444 904 p.
469 816 533 882 383
564 823 596 882 at
628 815 692 880 403
723 817 781 882 nd.
807 817 914 882 Ratak.
939 817 1037 904 Saepe
1061 817 1180 896 φάσμα
1204 822 1365 883 ostentum
1391 815 1511 902 signifi-

412 944 472 1016 cat,
493 937 576 1004 Plat.
598 936 693 1003 Poht.
717 960 756 1024 p..
770 937 861 1004 2686
880 941 914 1004 τὸ
935 940 1000 1018 περὶ
1022 940 1076 1014 τὴν
1096 937 1224 1019 Ἀτρέως
1243 963 1277 1002 τε
1299 937 1350 1002 καί
1372 935 1509 1002 Θυέστου

412 1061 579 1139 λεχθεῖσαν
610 1057 666 1140 ἔριν
695 1058 827 1139 φάσμα,
858 1060 897 1125 af.
929 1060 1007 1146 Lag.
1031 1060 1068 1138 V,
1101 1083 1132 1146 p.
1159 1058 1258 1138 7380,
1283 1080 1374 1144 aaapa
1399 1062 1506 1124 visum

410 1185 444 1256 in
469 1184 612 1259 somniia,
637 1181 747 1279 Aasah.
773 1183 885 1268 Agam.
904 1181 985 1248 274:
998 1183 1111 1262 ὀνείρων
1124 1181 1295 1263 φάσματα,
1309 1165 1347 1246 af.
1361 1188 1393 1246 nt
1405 1181 1504 1266 Soph.

411 1303 460 1369 nl.
487 1303 563 1382 503,
589 1301 653 1368 644
664 1323 671 1378 ;
696 1303 865 1389 permultis
884 1304 1018 1390 danique
1036 1304 1113 1405 loaia
1133 1309 1293 1390 spectrum
1313 1303 1365 1368 val
1384 1305 1507 1367 mortui

411 1426 576 1490 auiuadam
607 1423 658 1489 val
688 1425 851 1490 daemonis
876 1425 928 1490 val
951 1426 1004 1502 dii,
1030 1425 1147 1491 Herod.
1172 1424 1224 1501 VI,
1251 1423 1310 1489 69:
1330 1421 1430 1488 Ἧλίέ
1455 1448 1506 1502 μοι

407 1545 530 1626 Ιφάσμα
554 1545 702 1623 εἰδόμενον
726 1547 893 1627 Ἀρίστωνι,
918 1547 1000 1612 Plat.
1022 1547 1133 1633 Symp.
1155 1571 1185 1632 p.
1209 1544 1318 1612 179d:
1342 1545 1464 1626 Ὀρφέα
1477 1545 1507 1610 δὲ

410 1668 461 1732 τὸν
493 1667 629 1747 Οἰάγρου
660 1671 758 1743 άτελῆ
791 1667 987 1748 άπὲπεμψαν
1020 1666 1182 1747 tentata,
1207 1667 1326 1749 φάσμα
1350 1667 1506 1744 δείξαντες
1614 1693 1615 1698 ’

410 1799 466 1865 τῆς
485 1790 640 1870 γυναικός,
665 1791 716 1870 ἐφ’
742 1781 774 1863 ἣν
799 1787 876 1865 ἧκεν.
903 1793 1035 1878 Appian.
1059 1791 1140 1858 Bell.
1165 1791 1274 1856 Mithr.
1299 1789 1359 1857 27:
1383 1790 1506 1868 φάσμα

410 1920 464 1986 τῆς
493 1911 603 1984 Ἴσιδος
635 1910 715 1991 ἔδοξε
741 1919 798 1994 πῦρ
823 1912 950 1994 άφιέναι
971 1913 1051 1978 πολὺ
1076 1914 1146 1977 κατ’
1172 1914 1266 1978 αὐτοῦ
1290 1918 1345 1992 (aa.
1370 1917 1423 1977 τοῦ
1449 1937 1506 1988 μκ-
1630 1907 1631 1914 '

409 2037 603 2114 χιονιίματος,
648 2035 731 2120 quod
770 2035 809 2100 ad
845 2035 950 2100 Rhodi
984 2037 1109 2100 moenia
1143 2036 1249 2100 hoataa
1283 2034 1507 2110 admovebant)

411 2156 558 2220 Abamm.
583 2154 625 2233 ΙΙ,
651 2154 670 2220 3
698 2155 834 2242 μονοςιδῆ
857 2155 913 2233 μέν
936 2157 1000 2221 ἐστι
1025 2154 1188 2236 φάσματα
1212 2155 1253 2220 τά
1277 2161 1333 2219 τῶν
1358 2156 1438 2231 θεῶν,
1465 2155 1506 2218 τά

410 2275 441 2342 δὲ
465 2283 522 2342 τῶν
546 2275 693 2354 δαιμόνων
717 2277 852 2344 ποικίλα.
875 2277 1073 2364 significatio
1091 2279 1178 2343 roais
1201 2275 1422 2358 ,,φάντασμα”
1442 2298 1507 2340 non

410 2397 551 2462 multum
582 2397 653 2463 inda
685 2398 848 2484 discrepat.
880 2399 938 2463 Eat
968 2399 1145 2478 φάντασμα
1169 2402 1279 2485 imago
1301 2401 1334 2462 in
1359 2400 1507 2464 animan

409 2541 502 2586 sanan
531 2521 681 2607 profecta,
714 2521 830 2606 Porph.
863 2541 913 2605 ap.
948 2520 1036 2586 Stob.
1068 2521 1115 2586 ΕΙ.
1151 2518 1205 2586 Gr.
1231 2530 1308 2586 tom.
1333 2519 1358 2598 I,
1382 2542 1412 2604 p.
1438 2519 1504 2586 481

409 2643 466 2707 Ed.
500 2640 672 2708 Gaisford.:
704 2637 748 2706 ὅτ’
780 2639 818 2706 άν
842 2641 969 2720 γένηται
994 2644 1010 2717 ἡ
1033 2641 1169 2717 αίσίιισις
1189 2645 1357 2712 άνελίοῡσα
1378 2642 1428 2704 ἐπὶ
1452 2645 1505 2716 τὶιν

409 2766 622 2844 φανταστικὴν
654 2765 858 2843 κατασκευήν,
891 2765 925 2829 τὸ
949 2764 1164 2842 γενόμενονὲν
1184 2775 1221 2847 τῇ
1245 2773 1446 2846 φανταστικῇ
1473 2766 1506 2832 τὸ,

408 2883 502 2958 πάθος
537 2881 555 2950 ά
587 2908 616 2950 τι
647 2885 787 2973 δήποτε
819 2884 858 2962 ίν,
893 2893 1036 2950 καλεῖται
1070 2887 1258 2964 φάντασμα.
1292 2885 1350 2952 nst
1374 2890 1506 2972 speciae,

408 3027 488 3091 quaa
518 3008 564 3072 rei
593 3008 656 3092 ipsi
687 3009 857 3093 opponitur
872 3005 905 3084 ¹),
938 3007 1020 3074 Plat.
1050 3007 1096 3073 Da
1131 3031 1163 3074 ra
1186 3009 1261 3094 pub.
1287 3007 1396 3073 nana:
1423 3015 1505 3088 φαν-

408 3129 561 3203 τάσματα
593 3127 665 3208 γάρ,
699 3128 772 3193 άλλ’
796 3130 849 3193 οὐκ
874 3126 945 3193 ὄντα
971 3134 1111 3195 ποιοῦσιν.
1135 3128 1211 3194 Visa
1234 3135 1340 3196 tamen
1363 3132 1396 3196 in
1421 3129 1506 3195 coelo

408 3271 648 3335 nonnumquam
680 3249 901 3329 φαντάσματα
926 3250 1135 3337 appellantur,
1160 3251 1199 3315 af.
1225 3251 1277 3317 Pa.
1303 3253 1435 3315 Aristot.
1461 3250 1506 3315 Da

376 3396 378 3400 ’
410 3371 529 3437 mundo
551 3371 632 3457 4,»ρ.
655 3371 738 3436 399;
759 3379 816 3436 τῶν
836 3376 866 3436 ἐν
887 3371 949 3451 άέοι
970 3372 1207 3453 φαντασμάτων
1220 3374 1261 3436 τά
1276 3373 1330 3448 μίν
1353 3373 1417 3438 ἐστι
1432 3371 1503 3436 κατ’

409 3490 557 3574 ἔμφασιν,
581 3494 622 3558 τά
648 3494 678 3558 δὲ
700 3495 770 3557 κατ’
793 3492 971 3559 ὑπίστασιν.
995 3495 1038 3558 At
1061 3497 1186 3580 saepius
1205 3496 1371 3570 insomnia,
1389 3494 1502 3560 Aesoh.

409 3614 495 3700 Sept.
529 3614 608 3680 710:
637 3615 800 3682 Ἐννπνίων
823 3615 1055 3696 φαντάσματα,
1081 3618 1205 3700 saepius
1228 3615 1501 3692 hallucinationaa

409 3735 609 3822 Chrysippus
629 3757 678 3822 ap.
700 3737 752 3803 Pa.
774 3737 860 3803 Plnt.
886 3737 932 3802 Da
952 3737 1030 3822 plac.
1045 3736 1122 3821 phil.
1136 3735 1187 3812 lv,
1205 3735 1256 3812 12,
1270 3736 1307 3800 5:
1321 3735 1500 3816 φάντασμα

409 3855 440 3922 δέ
472 3859 640 3944 ἐστιν,.ε’φ’
666 3851 680 3922 3
705 3857 854 3936 ἑλκίμεία
878 3861 962 3924 κατά
987 3857 1037 3922 τὸν
1062 3857 1272 3939 φανταστικὸν
1297 3857 1429 3923 διάκενον
1454 3859 1502 3923 ἑλ-

408 3979 540 4057 κυσμόν·
574 3986 677 4046 ταῦτα
712 3981 742 4048 δὲ
773 3981 895 4058 γίνεται
925 3979 973 4044 ε’πί
998 3987 1055 4044 τῶν
1079 3981 1349 4058 μελαγχολώντων
1373 3980 1424 4043 καί
1450 4005 1503 4057 με-

408 4101 552 4181 μηνότων,
584 4105 709 4188 saepius
739 4108 870 4188 spectra,
895 4101 970 4166 Eur.
995 4101 1072 4167 Hac.
1099 4101 1140 4164 54
1164 4099 1341 4180 φάντασμα
1365 4107 1419 4181 (aa.
1444 4103 1503 4166 Po-

407 4222 512 4308 lydori
543 4227 675 4306 mortni)
709 4223 768 4290 94:
801 4223 965 4306 φάντασμ’
998 4221 1161 4304 Ἀχιλὲωι,
1189 4223 1228 4289 af.
1261 4228 1293 4288 at
1317 4222 1392 4288 390.
1416 4223 1500 4288 Plin.

410 4391 579 4402 ...v-*—

442 4484 465 4545 1)
483 4483 524 4532 of.
537 4483 563 4532 in
579 4482 663 4546 lingna
680 4482 823 4532 Germanica
842 4481 1039 4545 „Eraahainung”
1055 4486 1079 4530 at
1097 4479 1177 4560 „Ding
1194 4497 1224 4528 an
1241 4480 1317 4530 siah''.
