3346 5376
689 593 694 600 ³
762 501 824 566 131

247 704 381 768 propere
412 683 509 747 abire.
546 681 633 762 Quae
662 685 695 746 in
727 683 823 770 adyto
846 688 1047 769 peragantur,
1072 705 1108 750 ea
1131 686 1278 770 profanos
1301 671 1343 752 la·

247 811 336 870 teant
371 811 532 890 oportaru;
568 810 791 870 verumtamen
821 806 904 883 Φασί
936 830 1011 869 ποτε
1042 804 1191 884 ἄνθρωπον
1221 810 1253 872 οὐ
1285 815 1341 872 τῶν

247 925 498 1003 καταβαινόντων
530 926 571 998 είς
606 926 640 988 τὸ
672 924 791 1003 ἄδυτον,
823 926 962 1003 βέβηλον
993 927 1035 1005 δέ,
1068 929 1157 1003 ἡνίκα
1189 929 1342 1009 ἤρχετοη

247 1049 329 1127 πυροὶ
360 1050 509 1131 καιέσθαι,
542 1052 711 1122 τηνικαῦτα
744 1051 889 1114 εἰσελθεῖν
912 1051 953 1121 είς
977 1051 1012 1114 πδ
1035 1049 1145 1114 νἰδντον
1170 1052 1227 1116 ὑπὸ
1251 1064 1342 1114 πολυ-

246 1170 465 1251 πραγμοσύνης
495 1194 528 1234 τε
553 1171 605 1234 καί
630 1169 760 1248 τίλμης,
784 1172 838 1236 καί
861 1172 886 1235 oi
911 1171 1017 1236 ποίντα
1041 1171 1188 1236 οὶνοίπλεα
1213 1172 1340 1236 είδθλοιν

245 1294 429 1380 φαίνεσθαι·
462 1292 512 1357 καί
539 1292 731 1372 ἀναστρέψαι
761 1293 817 1369 μὲν
841 1293 933 1358 αὐτὸν
956 1295 999 1364 είς
1023 1294 1077 1366 την
1102 1294 1255 1372 Τιθορέαν,
1281 1294 1340 1366 διη-

246 1415 420 1492 γησοίμενον
445 1413 474 1478 δέ
499 1406 520 1478 ίο
545 1415 692 1480 ε’θεοίσατο
717 1417 844 1494 οὶφεῖναι
869 1417 922 1491 την
943 1415 1058 1499 ψυχήν,
1079 1416 1122 1479 ib.
1138 1412 1189 1480 17.
1212 1414 1280 1494 Qua
1300 1437 1339 1479 ex

247 1541 438 1614 narratione,
462 1539 608 1622 quamvis
632 1535 779 1614 εἰθίσθη,
805 1542 888 1602 certe
912 1543 1010 1622 patet,
1041 1537 1122 1601 hano
1152 1536 1340 1622 popularem

246 1662 344 1726 fuisse
380 1663 572 1747 opinionem,
608 1663 643 1724 in
679 1663 827 1746 mysticis
862 1659 955 1724 Isidis
987 1662 1188 1724 caerimoniis
1218 1665 1341 1747 spectra

246 1803 413 1868 apparoro3
446 1803 547 1866 nequo
570 1789 642 1866 post
656 1785 784 1859 omnia,
810 1802 890 1866 quae
914 1782 931 1864 θ
957 1782 997 1846 15
1023 1803 1058 1847 ac
1081 1785 1150 1867 ipsa
1173 1781 1232 1846 hac
1255 1802 1343 1866 para·

245 1903 368 1991 grapho
400 1906 618 1989 exposuimus,
651 1903 764 1968 falsam
796 1903 892 1968 fuisse
915 1901 996 1967 hano
1020 1905 1201 1987 opinionem
1224 1910 1343 1968 temore

220 2099 222 2102 ¹
245 2025 453 2092 statuendum
475 2032 532 2090 est.
560 2024 626 2090 Neo
651 2025 826 2110 quidquam
850 2025 963 2101 obstat,
988 2027 1065 2109 quin
1089 2030 1120 2088 et
1144 2045 1223 2110 quae
1247 2025 1342 2089 addat

244 2148 428 2225 Pausanias,
460 2147 642 2212 afferamus:
677 2147 818 2210 Ἐοιαθτα
851 2145 881 2209 δὲ
913 2145 1016 2240 ἀνδρὸς
1051 2144 1163 2220 ἤκουσα
1196 2147 1339 2225 Φοίνικος,

244 2270 333 2346 ἄγειν
363 2278 402 2348 τῇ
426 2267 515 2332 Ἴσιδι
548 2267 716 2344 sipariove
741 2268 795 2340 την
819 2267 930 2346 ἑορτήν,
954 2261 1003 2330 ὅτε
1028 2268 1123 2341 αὐτὴν
1148 2269 1198 2332 τὸν
1217 2270 1337 2347 Ὄσιριν

243 2392 360 2455 πενθεῖν
389 2391 532 2468 λέγουσι·
561 2393 732 2462 τηνικαῦτα
756 2387 787 2451 δὲ
811 2387 862 2452 καί
888 2387 902 2451 ὅ
925 2397 1037 2462 Νεῖλος
1061 2363 1241 2465 ἀναβαίνειν
1266 2390 1337 2470 σφί-

245 2539 292 2578 σιν
324 2511 468 2593 ίίρχεσαι,
502 2511 552 2575 καί
585 2513 643 2574 τῶν
675 2510 841 2589 ἐπιχωρίων
868 2519 993 2583 πολλοῖς
1017 2512 1098 2574 ἐστιν
1122 2491 1274 2591 είρημένοι,
1299 2514 1337 2583 ὥς

247 2637 287 2722 rie
320 2633 453 2709 αὔξοντα
484 2634 535 2697 τὸν
566 2634 706 2709 ποταμὸν
736 2633 788 2696 καὶ
821 2629 918 2712 θίρδειν
955 2634 1013 2702 τοὶς
1045 2632 1171 2711 θροθρας
1197 2614 1339 2698 ποιοῦντα

247 2759 287 2822 τοὶ
319 2755 437 2836 taurea
468 2757 532 2819 ἐστι
564 2762 619 2828 τῆς
638 2754 759 2826 Ἴσιδος.
785 2754 856 2819 πθτε
881 2751 1004 2820 οὖντὸν
1030 2756 1190 2834 Ῥωμαῖον,
1216 2751 1246 2828 ὅς
1272 2757 1339 2820 έπε-

246 2882 401 2960 τέτραπτο
425 2867 593 2955 Αἴγυπτον,
617 2875 711 2957 ἄνδρα
735 2875 795 2956 ἔφη
819 2879 977 2956 χρήμασιν
1001 2877 1216 2942 ἀναπείσαντα
1241 2879 1282 2949 είς
1307 2880 1341 2943 τδ

247 3003 356 3066 θδντον
387 2999 599 3076 καταπέμψαι
630 3007 684 3072 τῆς
712 2997 824 3070 Ἴσιδος
856 2999 890 3062 τδ
924 2998 953 3059 ἕν
977 2998 1086 3075 Κθπτῳ
1104 2997 1144 3078 1)·
1170 2997 1220 3061 καί
1246 3000 1259 3063 θ
1284 3002 1343 3065 είσ-

247 3122 400 3204 πεμφθείς
435 3119 602 3202 ιἰνέστρεψε
636 3119 693 3195 μὲν
728 3119 762 3183 ἐκ
798 3124 851 3183 τοῦ
887 3117 1011 3196 ἀδύτου,
1048 3118 1270 3196 διηγησάμενον
1308 3122 1339 3186 δὲ

248 3247 346 3322 θπθσοο
377 3245 524 3310 ε’θειίσατο
555 3245 606 3308 καί
638 3247 744 3308 τοῦτον
774 3243 889 3306 αὐτίκα
914 3241 1120 3331 ἐπυνθανόμην
1144 3251 1339 3317 τελευτῆσαι.

247 3369 282 3456 τὸ
306 3368 376 3440 ἔπος
400 3362 448 3431 οὗν
472 3366 629 3440 οὶληθειίειν
653 3363 729 3429 ἔοικε
748 3366 783 3430 τὸ
804 3365 949 3444 Ὀμήρου,
971 3364 1025 3427 σὺν
1045 3364 1136 3427 οὐδενί
1159 3365 1246 3446 αίσίιρ
1270 3366 1339 3438 τοὺς

249 3493 329 3560 θεοὺς
358 3491 399 3570 τῷ
423 3489 506 3566 γένει
530 3494 588 3552 τῶν
613 3488 768 3566 ιἰνθριθπων
793 3465 926 3566 ἐναργῶς
951 3485 1086 3564 δρᾶσθαι,
1110 3487 1154 3550 ib.
1182 3485 1232 3550 18.
1256 3486 1344 3550 Haeo

250 3620 286 3678 ut
319 3614 383 3676 sint
414 3610 496 3688 fieta,
522 3631 540 3674 a
564 3611 700 3675 raritate
725 3613 832 3673 tamen
855 3629 917 3672 non
940 3607 1034 3692 plana
1057 3607 1214 3684 abhorret,
1238 3629 1347 3692 proou-

250 3739 388 3798 retorem
419 3731 600 3796 Romanum
629 3733 715 3794 insto
748 3731 853 3814 magis
884 3731 1056 3804 curiosum,
1088 3748 1162 3792 oum
1193 3749 1230 3792 ex
1268 3730 1346 3812 ipsis

253 3855 369 3940 mystis
404 3857 560 3919 secretum
595 3847 707 3914 olioaro
742 3870 804 3913 uon
838 3853 953 3933 posset,
988 3849 1156 3932 profanum
1188 3848 1344 3932 quendam

252 3977 386 4061 peounia
414 3976 600 4058 corrupisse,
625 3979 662 4035 ut
685 3991 749 4038 una
772 3991 847 4035 oum
870 3971 1006 4033 initiatis
1029 3972 1062 4033 in
1087 3969 1223 4055 adytum
1247 3991 1279 4033 se
1301 3973 1347 4033 in·

252 4098 358 4173 ferret,
384 4116 526 4181 quaeque
548 4095 594 4158 ibi
618 4093 739 4171 fierent,
765 4093 825 4156 sibi
849 4097 1011 4156 enarraret
1017 4112 1025 4169 ;
1049 4091 1101 4155 sed
1122 4093 1230 4156 virum
1250 4111 1348 4156 sacer-

253 4221 344 4283 rimis
374 4218 575 4281 caerimoniis
605 4215 812 4280 vahementer
836 4219 1044 4278 *commotum
1077 4234 1112 4277 ao
1143 4213 1282 4291 horrore,
1310 4219 1348 4277 ut

254 4386 423 4396 ,.-.--.

215 4455 235 4514 ¹·
289 4480 313 4540 l)
329 4478 365 4526 Gi.
383 4475 457 4540 Apul.
474 4474 533 4523 Met.
551 4473 585 4532 11,
602 4473 643 4531 28,
659 4487 730 4536 quem
747 4470 827 4518 loeuur
845 4473 855 4530 θ
874 4470 904 4517 15
922 4486 946 4534 p.
965 4470 996 4518 83
1013 4486 1048 4534 sq.
1066 4470 1241 4534 assumpsimus.
