3404 5368
906 1327 978 1414 gr.

436 1511 482 1576 De
490 1511 665 1576 Eleusiniis
677 1513 843 1596 mysteriis
856 1531 935 1592 quae
949 1512 1158 1574 innotuerunt
1170 1513 1203 1574 st
1214 1509 1254 1573 ad
1263 1508 1363 1574 Isiaco
1374 1513 1494 1596 passim

390 1632 533 1697 adhiberi
551 1631 742 1696 illustranda
762 1631 914 1696 vidimus.
936 1629 1085 1693 Vidimus
1109 1637 1140 1694 et
1160 1631 1229 1706 hoc,
1252 1629 1369 1694 Isiacae
1389 1633 1498 1696 initia·

388 1757 486 1818 tionis
504 1756 573 1818 vim
593 1758 688 1837 atque
708 1751 855 1816 effectum
875 1750 976 1836 vulgo
997 1756 1052 1814 aut
1073 1753 1214 1814 scenicae
1228 1751 1355 1815 cuidam
1376 1755 1497 1818 actioni

388 1880 444 1938 aut
464 1873 684 1961 symbolorum
705 1873 870 1956 adspectui
888 1870 1122 1936 venerabilium
1136 1871 1248 1936 tribui.
1270 1871 1372 1954 Nunc,
1387 1872 1497 1957 quales

387 1995 467 2064 indo¹
483 2000 681 2080 quantaeque
704 1999 875 2058 nascantur
899 1991 1111 2069 difficultates,
1136 1993 1314 2059 uideamus.
1345 1993 1497 2058 Primum

389 2121 499 2180 autem
530 2114 630 2179 Isiaca
656 2117 811 2200 mysteria
838 2134 989 2180 reverens
1013 2134 1077 2177 uno
1101 2112 1275 2196 eodemque
1300 2113 1408 2178 ordine
1432 2118 1498 2180 sint

389 2235 533 2300 habenda
556 2256 591 2299 ac
615 2234 826 2311 Eleusiniaca,
851 2233 1023 2317 diligenter
1044 2235 1310 2298 examinabimus.
1332 2234 1430 2320 quue
1451 2239 1498 2300 sic

390 2358 554 2433 faciemus,
572 2361 609 2420 ut
624 2354 800 2419 Eleusiniis
816 2358 991 2441 mysteriis,
1009 2354 1115 2439 qualia
1135 2359 1239 2418 aetate
1257 2354 1500 2420 celebrabantur

387 2479 607 2562 imperatoria,
630 2475 829 2539 adumbratis
854 2475 969 2539 Isiacos
993 2474 1116 2551 teletas,
1138 2495 1216 2559 quas
1238 2475 1407 2540 undecimo
1429 2476 1495 2542 Ms-

392 2599 635 2682 tamorphosoon
653 2596 734 2660 libro
756 2596 898 2680 depinxit
920 2596 1086 2681 Apuleius,
1105 2617 1312 2681 opponamus.
1333 2596 1385 2662 Sic
1400 2601 1498 2677 enim,

393 2719 470 2804 quid
496 2721 580 2792 inter
603 2737 636 2780 so
659 2737 829 2780 commune
852 2717 1032 2794 habuerint,
1059 2718 1215 2802 quibusve
1238 2719 1272 2780 iu
1296 2718 1390 2782 rebus
1413 2721 1500 2783 inter

393 2861 426 2904 se
462 2839 699 2922 discrepuerint,
733 2836 894 2922 simulque
925 2840 958 2900 in
991 2837 1099 2902 Isiacis
1130 2844 1214 2902 certe
1246 2837 1353 2902 teletis
1384 2843 1499 2904 utrum

391 2961 481 3025 locus
503 2959 601 3023 fuerit
624 2961 763 3023 scenicae
787 2961 906 3024 actioni
929 2979 1037 3043 neone,
1063 2964 1175 3045 sponte
1199 2959 1331 3043 patebit.
1356 2959 1441 3024 Tum
1465 2968 1499 3025 et

392 3083 531 3145 rationes
543 3099 747 3164 exponemus,
762 3101 858 3165 quare
869 3101 909 3144 no
920 3083 954 3142 in
968 3081 1176 3166 Aegyptiacis
1189 3080 1320 3164 quidam
1332 3083 1498 3167 mysteriis

394 3205 505 3266 omnia
524 3201 563 3265 ad
586 3199 809 3286 symbolorum
832 3202 1154 3265 communicationem
1178 3203 1243 3264 sint
1267 3201 1438 3266 referenda.
