3346 5376
693 509 754 574 141

172 694 273 772 κυρίου
297 692 465 768 κτίσμασιν
489 688 670 766 θμοιθτητας
695 689 792 770 ἑαυτῷ
818 686 1011 769 παρέπλεξεν
1034 694 1090 770 (sc.
1115 688 1272 771 diabolus)

169 813 244 891 πρὸς
270 813 404 889 πθλεμον
425 816 503 876 Θεοῦ
528 811 578 876 καί
603 813 661 874 τῶν
684 810 831 888 ἀγγέλων
856 813 952 876 αὑτοῦ
977 811 1270 889 παραταττόμενος·

170 937 207 1001 δι’
235 933 272 1000 ῶν
296 935 390 1002 ἒδθκει
415 935 484 1008 τοὺς
510 934 678 1015 ἀνθρώπους
703 935 827 998 πλανῶν
851 935 888 1004 ῶς
914 932 1001 1012 Θεύς,
1025 934 1119 1009 μηδὲν
1143 933 1223 1014 ἔχων
1242 935 1272 999 ἐν

169 1058 339 1122 ὑποστοίσει
357 1056 391 1138 ¹),
417 1059 458 1122 τίι
484 1056 516 1122 δὲ
535 1056 642 1122 ποίντα
663 1055 830 1139 ζωγραφία
851 1054 968 1120 σκιώδει
988 1055 1119 1132 οίθμενος
1133 1055 1269 1136 ὑφιστοῖν

169 1179 224 1244 καί
244 1179 494 1258 προβάλλεσθαι·
516 1177 579 1244 θθεκ
599 1173 674 1242 θταν
696 1178 867 1256 Φαίνωνται
888 1177 918 1240 ε’ν
928 1183 1065 1256 μορφαῖς
1078 1177 1103 1242 οί
1117 1175 1269 1256 δαίμονες,

168 1300 365 1366 διαλύονται·
398 1299 600 1381 σπουδοίζουσι
627 1299 693 1378 ,γὰρ
727 1297 784 1380 κῶν
816 1299 868 1364 διίι
899 1304 956 1362 τῶν
980 1297 1097 1362 είκθνων
1121 1298 1269 1364 δεικνύναι

169 1423 271 1487 αὑτῶν
298 1424 352 1495 την
385 1421 531 1500 ἐξουσίαν.
568 1420 598 1486 6.
624 1426 691 1494 Πῶς
717 1421 747 1487 δὲ
770 1417 837 1500 ἔχει
864 1427 920 1484 τῶν
944 1426 1032 1484 σκιῶν
1057 1421 1171 1486 τούτων
1196 1418 1270 1492 ύλκν

170 1547 241 1625 ε’ρῶ·
266 1543 311 1611 ὑτι
337 1547 390 1610 οὑιι
414 1543 541 1610 ἄλλοθεν
566 1545 640 1608 οίλλ’
661 1543 677 1619 οἳ
700 1544 732 1620 ἐκ
753 1550 810 1608 τῶν
830 1543 945 1607 θυσιῶν.
965 1543 998 1607 αί
1019 1543 1081 1622 γὰρ
1101 1542 1270 1619 οίναθυμιοί-

168 1691 232 1742 σεις
256 1669 289 1730 εἰς
314 1673 372 1731 τῶν
397 1667 520 1731 ιινίσσιιν
545 1667 662 1731 ἐκείνων
686 1665 822 1744 γίνονται
847 1665 942 1749 αύτῷ,
964 1666 1003 1736 ῶς
1024 1663 1096 1743 ἔριον
1116 1664 1168 1730 καί
1190 1674 1270 1732 λῖνον

168 1789 220 1853 καί
255 1789 376 1860 ἱππῶνες
410 1789 461 1854 καί
495 1787 672 1868 βοίμματα,
701 1787 797 1868 τέχνη
822 1811 857 1850 τε
881 1790 953 1850 ναοῦ
978 1785 1030 1850 καί
1055 1784 1191 1864 ὄργανα·
1215 1789 1267 1852 καί

168 1913 197 1974 ἒν
221 1912 326 1982 αὑτοῖς
352 1909 477 1981 ἑαυτοὺς
500 1909 685 1990 ἀμΦιίννυσι
710 1917 779 1980 ταῖς
804 1916 904 1978 σκιαῖς
930 1909 1031 1972 αὑτῶν
1054 1909 1123 1972 α’ντί
1145 1916 1269 1990 μορφῶν

167 2035 328 2112 χρώμενοι.
364 2033 415 2098 διὺ
450 2038 538 2098 τοῦτο
574 2033 659 2097 αίτεῖ
692 2033 806 2110 θυσίαν,
838 2030 913 2113 οίχρι
944 2032 995 2096 καί
1021 2031 1190 2111 μύρμηκος,
1215 2031 1267 2096 καί
1372 2027 1375 2032 ’

167 2153 269 2220 ὑδατα
307 2156 440 2219 ὑπαιτεῖ
472 2153 523 2218 καί
560 2152 623 2230 ἔρια
658 2153 708 2217 καί
740 2151 885 2233 καρπούς,
918 2153 969 2218 καί
1002 2153 1108 2218 τὺντα
1140 2156 1182 2218 τῶ
1217 2153 1267 2218 ἐπὶ

167 2288 239 2358 γῆς,
273 2274 320 2342 ίνα
352 2277 411 2359 ἔχη
436 2277 465 2340 ίν
488 2278 591 2347 αὑτοῖς
616 2282 674 2340 τῶν
698 2275 917 2357 Φαντασιωδῶν
940 2282 1029 2340 σκιῶν
1052 2276 1106 2348 την
1131 2274 1269 2355 οίπθχρη-

167 2425 224 2465 σιν.
256 2397 357 2478 ῶσπερ
386 2395 434 2464 οὑν
466 2403 522 2462 τῶν
548 2395 692 2462 θανόντων
716 2397 775 2468 τοὶς
799 2400 926 2474 μνήμας
952 2397 1127 2479 ἐμμύρφους
1153 2394 1267 2477 ἔχομεν

169 2523 198 2585 ἐν
229 2522 357 2604 διανοίην,
390 2521 441 2586 καί
475 2519 586 2599 θρῶμεν
618 2520 728 2591 αὑτοὺς
755 2522 798 2596 μη
823 2517 1034 2600 Φαινομὲνους,
1060 2519 1112 2584 καί
1136 2520 1180 2597 μη
1204 2518 1269 2597 θμι-

168 2650 255 2711 λοῦσι
286 2647 517 2720 συνομιλοὺμεν,
548 2638 623 2706 οὑτω
657 2640 708 2704 καί
739 2639 752 2704 ὑ
784 2639 928 2716 διοίβολος
960 2645 1017 2705 τῶν
1040 2638 1266 2720 ὑφιερουμένων

166 2768 249 2846 αὑτῷ
282 2767 340 2835 τίις
371 2764 493 2844 μορφὰς
526 2761 773 2838 α’νατυτούμενος
807 2761 904 2842 ἐαυτῷ
937 2786 971 2829 τε
994 2761 1045 2828 καί
1069 2769 1131 2835 τοῖς
1156 2762 1266 2826 ἑαυτοῦ

167 2890 358 2968 περιτίθησιν,
390 2886 474 2951 ὑετὸν
506 2883 612 2961 διδοὺς,
644 2883 720 2948 ἀλλ’
753 2885 813 2963 οὑχ
835 2883 936 2964 ὕδωρ·
971 2890 1059 2950 ποιῶν
1083 2884 1265 2964 πὺρ,οῖλλὺ

165 3013 208 3087 μη
240 3019 343 3075 καῖον·
375 3007 469 3079 διδοὺς
503 3008 601 3088 ίχθὺν,
631 3007 705 3071 ἀλλ’
736 3007 769 3070 ού
794 3006 926 3088 τροφήν·
951 3005 1002 3071 καί
1027 3005 1138 3087 χρυσὸν
1163 3004 1265 3084 δωρού-

166 3156 265 3214 μενος,
301 3133 376 3196 οίλλ’
408 3133 461 3196 ούιι
497 3131 691 3209 ἐνύταρκτον.
728 3127 778 3193 καί
809 3128 872 3208 γὰρ
903 3129 938 3192 ἐκ
969 3129 1026 3206 τῶν
1058 3126 1162 3192 ίίλλων
1186 3126 1264 3192 ὑλῶν

166 3251 471 3334 συμμορφαζθμενοο,
504 3251 591 3317 πύλιν
623 3250 753 3316 δείκνυσι
784 3252 835 3315 καί
870 3248 964 3322 οίκους
998 3249 1049 3314 καί
1074 3249 1189 3329 χώρας,
1213 3247 1262 3326 ύρη

167 3399 200 3440 τε
233 3377 285 3440 καί
318 3375 486 3454 πατρίδας·
517 3374 662 3442 ὑσαύτως
688 3372 739 3438 ααί
766 3372 844 3437 τίαν
867 3372 919 3438 καί
946 3371 1020 3447 ὑνθη
1045 3372 1096 3436 καὶ
1121 3370 1186 3449 ἔρια
1210 3369 1262 3434 καί

168 3495 270 3562 ὑνθινα
302 3497 486 3572 ὑπλῶματα
519 3497 570 3562 καί
602 3496 715 3576 διείρων
749 3495 918 3560 ὑπόστασιν
942 3495 1098 3560 δείκνυσιν.
1123 3493 1174 3558 καί
1199 3491 1262 3572 γὺρ

168 3680 336 3692 ——n—-n-

200 3816 224 3879 1)
248 3817 285 3866 Os.
302 3817 370 3866 (δοιοί.
389 3817 460 3880 Gypr.
479 3815 507 3863 8:
526 3811 588 3871 θλως
605 3813 655 3876 ορδερ
673 3809 843 3873 ἐστολισμένον
860 3809 922 3860 εῖσίν
938 3815 980 3874 (ιιι.
998 3812 1032 3860 τδι
1051 3807 1184 3873 δαιμίνια),
1201 3811 1262 3862 ἀλλ’
1327 3865 1328 3868 ,

168 3895 306 3947 ὑπόστασιν
329 3896 371 3947 οὑκ
394 3896 493 3960 ίχουσι,
517 3912 578 3961 quae
601 3903 626 3945 ot
649 3897 709 3958 §15
726 3911 750 3959 p.
769 3896 799 3943 89
819 3895 980 3943 exhibuimus.
1002 3886 1037 3931 ¹-
1063 3893 1099 3943 cf.
1119 3901 1143 3944 σί
1160 3894 1263 3955 ΡεοΙΙυι,

168 3979 203 4029 De
219 3989 312 4046 operat.
329 3982 407 4031 daem.
425 3997 449 4046 p.
468 3981 499 4030 ³8
516 3980 553 4030 ed.
571 3978 662 4028 Boium:
683 3977 842 4040 ἀφικνοῦνται
862 3977 907 4038 μὲν
924 3977 973 4040 γαρ
991 3975 1036 4025 ὑπ’
1053 3974 1136 4026 αὑτῶν
1153 3980 1196 4040 (ιο.
1213 3981 1263 4026 τῶν

169 4060 293 4127 δαιμόνων)
316 4059 358 4112 ἐπὶ
375 4064 434 4121 τοὺς
453 4060 629 4124 θρησκεύοντας
646 4059 724 4123 αὑγαί
743 4057 868 4122 πυρώδεις,
885 4055 935 4108 οίαι
953 4057 983 4117 διί
1000 4075 1065 4118 τινες
1083 4059 1113 4108 αί
1126 4063 1175 4107 τῶν
1192 4057 1264 4125 διᾳτ-

169 4148 258 4195 τίντων
283 4144 427 4208 ὑποδρομαί,
449 4143 481 4203 δις
506 4145 621 4202 θεοπτίας
644 4144 669 4193 οῖ
683 4145 820 4204 μεμηνθπες
837 4141 936 4210 ἀξιοῦσι
953 4143 1046 4198 καλεῖν,
1066 4138 1133 4190 οὑδίν
1151 4137 1264 4203 ίχούσας

169 4227 263 4286 ιἰληθίς,
281 4227 332 4278 οὔδ’
350 4226 454 4286 ἑστηκὸς
471 4226 527 4277 οὑδὲ
545 4225 646 4289 βέβαιον
663 4226 703 4288 (τί
716 4227 765 4289 γδιρ
783 4223 808 4275 ἔν
826 4223 941 4286 δαίμοσιν
961 4221 1124 4289 ὑξοφωμίνοις
1140 4218 1195 4272 οὑσι
1213 4229 1264 4286 φοι-

170 4309 297 4376 τοειδές;)·
322 4310 390 4360 ἄλλα
414 4310 520 4373 παίγνια
543 4309 638 4358 τούτοιν
656 4306 741 4366 οὑσας,
756 4303 797 4357 οίοι
814 4309 848 4356 τὸν
866 4305 890 4356 ἐν
909 4307 967 4364 ταῖς
984 4312 1032 4355 τῶν
1049 4304 1170 4366 ὀμμάτων
1187 4322 1264 4366 παρα-

170 4397 272 4455 γωγαῖς,
293 4393 307 4451 ἢ
331 4395 371 4442 τίς
389 4391 536 4454 περὶτῶν
554 4389 761 4451 καλουμένων
779 4388 1031 4461 θαυματοποιῶν
1048 4384 1095 4438 ὑπ’
1113 4386 1262 4456 ίξαπιίτη

171 4479 227 4523 τῶν
244 4474 384 4538 ὑρύντων
401 4477 565 4540 γινόμενα.
