3346 5376
866 1332 888 1417 g
909 1327 959 1393 ar.

384 1601 388 1615 ,
409 1514 516 1580 Deos
540 1514 700 1578 interos
723 1518 762 1577 et
786 1512 879 1577 deos
902 1532 1076 1597 superos
1101 1512 1260 1576 accessi
1284 1531 1419 1575 eoram

649 1641 687 1700 et
711 1634 882 1700 adoravi
905 1635 949 1698 de
972 1655 1183 1719 proxumo.

412 1817 474 1882 Hie
498 1819 639 1902 primum
663 1817 700 1882 de
722 1819 792 1903 ipsa
815 1837 890 1882 vooe
916 1816 1001 1893 „dii”
1027 1815 1182 1900 quomodo
1206 1817 1247 1878 sit
1270 1814 1462 1900 aooipienda,

367 1960 468 2024 pauca
501 1938 669 2023 praefanda
703 1945 787 2002 sunt.
824 1937 946 2022 Nempe
978 1944 1009 2002 et
1040 1939 1212 2020 superioris
1242 1957 1309 2000 esso
1344 1936 1463 2000 ordinis

368 2061 457 2126 divos
488 2062 556 2125 sire
587 2059 671 2140 deos,
704 2079 770 2122 osse
802 2064 834 2122 et
864 2059 1022 2124 inferioris
1047 2060 1113 2122 sive
1137 2057 1314 2135 daemones,
1339 2059 1465 2141 antiqui

369 2204 425 2267 pro
449 2187 533 2246 oerto
558 2179 688 2264 quidem
711 2167 902 2256 statuebant,
927 2179 981 2244 sed
1005 2200 1120 2264 parum
1144 2183 1288 2243 aoourate
1311 2183 1465 2262 utrosque

367 2307 451 2369 inter
485 2325 518 2368 se
553 2302 802 2388 distinguebant,
838 2304 884 2366 ita
915 2307 953 2365 ut
984 2301 1094 2366 eadem
1117 2303 1250 2365 numina
1272 2299 1366 2364 modo
1391 2299 1468 2364 deos

370 2426 517 2502 audiisse,
553 2425 646 2488 modo
683 2424 860 2500 daemones,
895 2423 1019 2490 nullam
1050 2428 1179 2488 moveat
1209 2422 1467 2487 admirationem.

371 2545 420 2612 Of.
452 2568 479 2610 e.
502 2567 535 2632 g.
568 2545 679 2612 Oelsus
710 2567 759 2630 ap.
792 2543 879 2630 Orig.
911 2544 995 2623 VIII,
1029 2544 1089 2610 58:
1122 2544 1469 2622 abramitarum,

373 2666 418 2732 ὅτι
442 2667 502 2747 ἄρα
526 2672 577 2732 τοῦ
602 2669 754 2747 ἀνθρώπου
778 2669 812 2731 sd
836 2674 925 2744 σῶμα
950 2663 984 2744 ἓξ
1008 2668 1059 2753 nai
1086 2667 1246 2745 1111110110
1272 2667 1468 2747 διειληφότες

373 2791 512 2867 δαίμονες
544 2789 560 2864 ἢ
596 2789 654 2852 drot
684 2811 762 2858 τινες
795 2787 1144 2868 0111110111110101110
1169 2787 1243 2868 μέρη
1269 2789 1470 2864 νενεμημένον

372 2913 410 2992 (oi
442 2912 473 2976 δὲ
504 2911 555 2976 καὶ
589 2909 667 2974 πολὺ
699 2910 821 2980 πλείους
852 2909 1006 2990 λέγουσιν)
1031 2907 1125 2981 ἄλλος
1150 2909 1228 2974 ἄλλο
1252 2935 1281 2974 τι
1306 2911 1400 2974 αὐτοῦ
1426 2909 1470 2974 νέ-

372 3059 439 3113 μειν
472 3030 726 3114 ἕπιτέτακταέι).
757 3031 823 3097 Nee
855 3031 1097 3118 Apuleiushao
1127 3035 1161 3096 111
1190 3053 1224 3097 re
1252 3033 1382 3096 sibimet
1403 3035 1468 3117 ipsi

372 3161 502 3220 oonstat.
528 3154 607 3220 Met.
633 3153 689 3232 XI,
716 3153 758 3218 30
782 3152 881 3218 Osiris
907 3153 1005 3230 „deus
1028 3155 1123 3218 deum
1147 3175 1339 3240 magnorum
1362 3156 1468 3240 potior

373 3283 412 3346 et.
435 3279 595 3340 maiorum
626 3297 772 3340 summus
796 3281 828 3339 et
850 3296 1051 3338 summorum
1075 3278 1236 3340 maximus
1259 3283 1290 3340 et
1314 3279 1469 3342 maximo

373 3419 458 3463 rum·
478 3397 647 3484 regnator''
680 3401 821 3474 vocatur,
847 3398 955 3462 sedin
978 3397 1087 3462 11110110
1111 3397 1148 3462 de
1171 3397 1238 3463 Deo
1262 3397 1399 3463 Socratis
1425 3397 1466 3462 15

375 3541 436 3584 non
467 3518 529 3584 alio
560 3519 628 3584 loeo
658 3519 794 3583 habetur
820 3525 914 3604 atque
938 3519 1161 3604 Amphiaraus,
1186 3519 1328 3605 Mopsus,
1353 3521 1468 3586 Aeaeu-

374 3641 488 3726 lapius,
512 3641 545 3704 id
569 3647 626 3718 est,
649 3643 689 3705 iis
712 3641 940 3705 adnumeratur
964 3641 1178 3719 daemonibus,
1203 3645 1259 3726 qui
1281 3644 1315 3706 in
1339 3664 1468 3728 oorpore

375 3763 514 3827 humano
538 3763 696 3847 quondam
719 3763 848 3840 fuerint,
874 3765 1000 3848 quique,
1023 3766 1106 3828 iuste
1130 3785 1164 3828 ao
1187 3765 1358 3849 prudenter
1381 3768 1467 3831 vitae

375 3883 532 3949 ourriouio
549 3884 736 3971 gubernato,
757 3890 866 3968 postea
885 3884 924 3949 ab
937 3885 1120 3950 hominibus
1133 3885 1177 3949 dii
1190 3888 1254 3950 sint
1265 3885 1417 3972 appellati
1430 3884 1465 3967 ⁹).

409 4163 433 4223 1)
450 4162 520 4211 Hane
536 4163 674 4226 opinionem
691 4163 817 4228 impugnat
834 4163 970 4210 Abamnron
988 4161 1031 4222 IX,
1049 4161 1071 4213 7.

410 4245 434 4305 2)
459 4245 511 4292 Hoo
533 4245 590 4309 quid
613 4245 660 4294 sibi
683 4245 750 4304 velit,
773 4251 801 4293 111
823 4244 911 4293 molius
937 4243 1466 4310 0111010011.1.(1110010111111101011110111

377 4344 409 4376 so.
433 4328 476 4376 16:
501 4327 606 4386 „Verum
623 4328 683 4376 haee
701 4328 778 4376 omnis
796 4327 935 4376 distributio
954 4343 1036 4376 eorum
1054 4328 1197 4376 daemonum
1214 4329 1269 4386 fuit,
1287 4329 1329 4393 qui
1346 4329 1467 4393 quondam

376 4411 401 4458 in
427 4425 524 4473 oorpore
546 4411 651 4459 humano
674 4412 748 4459 fuere.
768 4411 833 4460 ‚Sunt
855 4415 936 4458 autem
953 4426 1002 4458 non
1019 4411 1151 4474 posteriora
1169 4427 1276 4470 numero,
1293 4412 1467 4475 praestantiore

379 4496 448 4560 longe
466 4493 584 4558 dignitate
601 4495 709 4560 superius
727 4495 795 4549 aliud
813 4494 938 4558 augustius
957 4510 1031 4558 genua
1049 4494 1201 4555 daemonum,
1219 4495 1260 4560 qui
1277 4511 1369 4560 semper
1387 4513 1402 4544 a
1419 4512 1468 4544 001-
