3346 5376
678 461 741 527 129
821 495 824 500 ·

160 644 353 723 ἀνοίλματα,
384 635 406 709 οδ
438 642 586 721 ἐξελθόντι
618 649 670 709 τοῦ
703 644 815 709 οίδθτον
844 643 941 710 ποίλιν
972 645 1118 722 γίγνεται
1147 643 1255 736 ,πρῶτα

159 767 240 844 μετὰ
262 767 297 830 τὸ
318 764 397 830 ἔνδον
415 764 528 842 θέαμα,
549 764 602 828 καί
622 766 676 840 risu
697 767 763 830 ἐκεῖ
779 766 938 830 συνουσίαν
958 765 1029 847 πρθς
1050 769 1103 832 οὐκ
1116 766 1256 846 ἄγαλμα

159 887 218 954 οὐδ’
251 885 363 964 είκθνα,
395 887 469 951 ἀλλ’
502 885 589 964 αὐτὸ,
621 878 643 951 d
675 887 709 959 δίο
741 891 796 967 (sc.
821 887 863 950 τοδ
888 887 1084 970 οίγοίλματα)
1109 892 1255 969 γίγνεται

159 1009 284 1086 δεθτερα
317 1009 474 1085 θεοίματα.
498 1007 532 1072 τδ
557 1007 587 1072 δὲ
612 1005 681 1080 ίσως
708 1004 741 1082 ἦν
764 1010 797 1074 σθ
821 1008 935 1087 θέαμα,
962 1011 1049 1075 οίλλδι
1074 1009 1170 1085 ἄλλος
1194 1012 1259 1092 τρθ-

159 1153 213 1200 πος
233 1135 286 1194 τοῦ
309 1101 392 1214 ίδεῑν,
419 1127 575 1208 ἔκστασις,
599 1130 650 1194 καί
675 1128 827 1209 θίπλωσις,
852 1131 902 1195 καί
928 1131 1060 1204 ἐπίδοσις
1085 1135 1180 1198 αὐτοῦ
1204 1133 1257 1198 καί

160 1251 263 1331 ἔφεσις
289 1252 361 1330 πρὸς
386 1250 471 1332 ἁφὴν
495 1252 547 1315 καί
572 1251 680 1323 στοίσις
706 1252 758 1316 καί
784 1254 950 1331 περινθνρσις
972 1256 1042 1335 πρθς
1065 1255 1261 1339 ε’Φαρμονιίν,

160 1373 242 1452 είπερ
267 1397 313 1444 τις
338 1371 373 1438 τὸ
397 1373 427 1436 ἒν
451 1374 491 1452 πῷ
517 1373 617 1451 οίδθτιρ
641 1373 919 1440 θεοίσεται.,Ηὶεοθ
942 1378 970 1440 si
994 1378 1065 1462 quis
1087 1379 1171 1442 inest
1194 1398 1260 1442 sen-

161 1516 223 1573 sus,
258 1495 400 1580 profecto
434 1496 462 1558 is
496 1499 553 1572 est,
584 1495 782 1580 quibusdam
813 1499 846 1561 in
879 1497 986 1562 teletis
1017 1520 1081 1563 non
1102 1501 1260 1585 imagines

161 1618 293 1682 deorum
316 1637 414 1682 manu
437 1617 537 1681 factae
559 1617 613 1681 sed
636 1620 721 1702 ipsos
745 1618 818 1683 deos
842 1619 962 1684 vidisse
984 1621 1140 1696 initiatos,
1164 1640 1206 1684 sc.
1225 1622 1257 1683 in
1295 1637 1298 1644 ·

160 1738 316 1816 ἔκστασιν,
349 1737 387 1804 de
417 1759 480 1823 qua
510 1740 528 1822 t
555 1735 595 1804 17
627 1737 773 1824 pluribus
804 1743 943 1826 agimur,
976 1746 1152 1827 provectos.
1184 1741 1259 1820 Nec,

163 1883 317 1948 quasnam
340 1861 393 1926 hic
415 1861 565 1945 spectarit
588 1859 734 1925 Plotinus
758 1860 880 1938 teletas,
901 1865 934 1926 in
953 1864 1074 1927 incerto
1094 1867 1151 1927 est.
1183 1861 1261 1927 Erat

162 1983 310 2048 Plotiuus
341 1979 496 2068 Lycopoli
526 1983 560 2045 in
592 1982 707 2068 oppido
740 1984 883 2069 Aegypti
913 1989 1018 2060 natus,
1051 1982 1261 2047 Alexandriae

163 2106 217 2170 diu
247 2105 418 2188 habitavit,
451 2103 507 2168 diu
530 2107 562 2166 et
585 2103 714 2180 Romae,
739 2104 796 2168 ubi
817 2104 912 2169 Isidis
936 2102 1043 2169 cultus
1066 2109 1139 2168 tum
1164 2125 1260 2188 quam

161 2230 303 2294 maxime
330 2225 470 2302 florebat,
503 2225 777 2312 Aegyptiacorum
808 2226 1010 2291 sacerdotum
1033 2226 1262 2291 consuetudine

161 2351 322 2426 utebatur,
347 2353 384 2412 ut
408 2349 425 2432 ξ
452 2346 492 2411 15
516 2369 547 2431 p.
572 2345 615 2412 86
640 2347 792 2412 vidimus.
818 2346 902 2427 Quid
925 2369 1001 2434 ergo
1024 2351 1154 2424 mirum,
1180 2350 1208 2422 si
1231 2353 1264 2412 et

162 2474 346 2538 secretiores
368 2471 593 2556 Aegyptiacae
613 2469 789 2555 'religionis
812 2472 1019 2537 caerimonias
1042 2477 1188 2556 pernotus
1211 2471 1263 2534 ha

161 2594 245 2670 buit,
277 2593 305 2656 si
336 2612 410 2655 cum
440 2589 540 2654 Isiaco
570 2591 751 2655 initiatione
782 2602 943 2656 summam
975 2591 1158 2678 philosophi
1181 2613 1264 2658 oom-

162 2717 290 2801 paravit
313 2709 548 2790 initiationem?

209 2837 275 2902 Nec
298 2835 452 2922 Syuesius
476 2832 685 2920 philosophus
709 2833 836 2899 silentio
860 2835 912 2899 hic
936 2840 985 2900 est
1004 2815 1263 2920 praetereundus.

163 2960 227 3040 Qui
249 2961 284 3022 in
306 2955 417 3022 libello
441 2956 478 3022 de
501 2955 709 3022 Providentia
728 2959 922 3040 inimicitiae,
945 2978 1025 3041 quae
1043 2960 1127 3022 inter
1146 2956 1263 3022 Osirim

162 3102 201 3146 ac
224 3078 415 3166 Typhonem
438 3078 535 3154 fuere,
560 3079 605 3141 sic
629 3079 798 3154 enarravit,
823 3081 860 3140 ut
883 3077 921 3142 de
944 3078 1039 3143 rebus
1059 3078 1266 3165 Aegyptiacis

164 3202 322 3289 quaedam
356 3200 482 3265 aliunde
517 3221 581 3264 non
616 3204 691 3264 nota
720 3199 794 3264 inde
824 3199 1004 3264 discamus
1025 3199 1125 3265 Erant
1155 3206 1264 3266 autem

165 3323 265 3388 Osiris
289 3343 325 3386 ac
347 3320 473 3408 cypho,
498 3323 526 3385 si
549 3319 721 3406 Synesium
745 3319 905 3399 audimus,
929 3320 989 3385 filii
1007 3324 1103 3407 regis,
1123 3321 1178 3388 ille
1197 3322 1266 3388 nul·
1290 3363 1297 3371 -=

163 3445 207 3510 lis
231 3465 294 3509 non
317 3448 447 3508 ornatus
472 3443 658 3518 virtutibus,
682 3441 734 3506 hio
757 3441 856 3506 nuliis
879 3463 942 3507 non
962 3445 1052 3509 vitiis
1071 3443 1264 3530 flagitiisque

165 3568 364 3652 inquinatus.
395 3563 507 3648 Itaque
532 3585 606 3628 cum
630 3565 700 3649 regi
723 3566 789 3628 iam
812 3566 902 3628 aunis
925 3571 1060 3651 gravato
1084 3568 1140 3650 qui
1163 3587 1265 3631 succe-

167 3687 267 3764 deret,
288 3690 456 3763 crearetur,
475 3687 573 3750 bonos
593 3683 721 3762 Osiridi,
742 3688 918 3770 pessimum
939 3707 1097 3772 quemque
1117 3687 1265 3774 Typhoui
1298 3725 1299 3730 ο

167 3810 294 3876 favisse.
319 3809 442 3895 Regem
465 3814 574 3874 autem
599 3807 684 3893 apud
707 3809 885 3895 Aegyptios
911 3811 956 3874 sic
976 3813 1083 3887 creari,
1104 3817 1141 3874 ut
1159 3831 1266 3875 coram

168 3931 288 4018 populo
321 3936 352 3994 et
382 3930 557 3995 sacerdotes
588 3929 738 4015 suffragia
768 3931 886 3995 ferrent
916 3937 948 3996 et
972 3931 1102 4014 milites,
1127 3932 1184 3996 κθιν
1210 3933 1266 4008 μὲν

170 4053 367 4132 ἀγχώμαλον
390 4049 407 4135 ᾖ
433 4053 467 4116 rt
493 4055 615 4134 πλῆθος,
637 4051 788 4129 βασιλεὺς
810 4053 1004 4131 ἐπιψηφίσας
1027 4051 1139 4136 θατέρρο
1158 4052 1265 4132 μερίδι,

171 4175 258 4254 παροδ
283 4174 361 4241 πολὺ
385 4172 478 4254 μείζω
503 4181 591 4251 ποιεῖ,
616 4183 654 4254 τῇ
678 4173 708 4236 δὲ
731 4172 870 4238 ἑλοίττονι
891 4174 1076 4255 προσνείμας
1098 4174 1204 4239 ἑαντδν
1224 4177 1266 4248 είς

172 4295 232 4362 ίσον
264 4297 452 4375 καθίστησιν,
486 4293 554 4360 ἔνθα
587 4294 750 4359 οὶνοιθέσθαι
775 4295 822 4360 δεῖ
843 4297 896 4370 τίον
919 4296 1108 4376 χειροτονίαν
1133 4297 1184 4361 καί
1209 4299 1268 4361 τῶν

174 4419 244 4483 θεῶν
266 4417 402 4498 ίχεσθαι,
428 4415 678 4498 προσεδρεύοντας
703 4441 737 4480 τε
763 4416 858 4492 πλείω
882 4417 998 4497 χρόνον,
1022 4420 1074 4483 καί
1099 4417 1268 4483 οίπταισσθ-

1131 4541 1145 4588 9
