3346 5376
874 503 916 571 78

348 693 409 758 τοῖς
440 683 555 766 χρθνοις
588 689 628 764 (ιι.
661 681 726 750 375
759 706 791 769 p.
815 683 905 766 Chr.)
929 685 1119 765 ίεροφαντείν
1144 683 1344 762 τεταγμένος,
1368 682 1435 762 θναρ

348 807 495 872 ἐθεοίσατο
535 804 815 886 παρακελευόμενον
849 814 960 888 χρῆναι
996 806 1047 870 τὸν
1081 806 1237 888 Ἀχιλλέα
1272 805 1324 872 τὸν
1358 803 1437 886 θίρωα

348 929 506 1006 δημοσίαις
538 929 689 1005 τιμῖισθαι
721 933 839 1004 τιμαῖς.
867 927 986 991 ἔσεσθαι
1010 927 1072 1008 γὰρ
1096 931 1184 992 τοῦτο
1209 935 1247 1009 τῇ
1272 925 1360 992 πίλει
1384 951 1438 990 σω-

347 1051 453 1129 τήριον.
490 1048 555 1112 ἐπεί
594 1048 625 1113 δέ
660 1049 836 1114 ἐκοινώσατο
870 1058 932 1122 τοῖς
969 1050 998 1112 ἐν
1029 1049 1112 1113 τέλει
1142 1050 1196 1124 την
1227 1047 1306 1127 θψιν,
1339 1049 1364 1112 oi
1395 1047 1437 1126 δέ,

346 1178 446 1249 ληρεῖν
471 1172 573 1249 αὐτὸν,
597 1166 645 1235 οἶα
669 1169 704 1244 tt
729 1169 900 1251 ὑπέργηρων
925 1169 1007 1248 θντα,
1029 1171 1218 1252 νομίσαντες,
1238 1171 1268 1234 ἐν
1289 1159 1381 1234 οὐθενί
1403 1171 1438 1234 τὸ

345 1294 426 1377 ρἠθὲν
450 1292 639 1370 ἐποιήσαντο,
664 1293 756 1362 αὐτὸς
781 1294 848 1355 καθ’
874 1292 980 1357 ἑαυτὸν
1004 1292 1206 1369 λογισάμενος
1229 1293 1264 1357 τί
1289 1291 1438 1371 πρακτέον

347 1413 399 1479 καὶ
443 1421 511 1485 ταῖς
554 1411 706 1477 θεοειδέσιν
750 1412 872 1482 ἐννοίαις
909 1413 1211 1491 παιδαγωγοιίμενος,
1247 1411 1349 1476 είκθνα
1385 1416 1437 1476 τοῦ

348 1531 435 1615 ἥρωος
468 1536 497 1598 ἐν
527 1532 594 1616 οίκιρ
626 1534 719 1614 μικρῷ
752 1533 977 1613 δημιουργήσας
1006 1534 1134 1607 ὑπέθηκε
1157 1536 1198 1614 τῷ
1223 1534 1253 1597 ἐν
1277 1534 1438 1612 παρθενῶνι

348 1653 549 1734 καθιδρυμένα
582 1655 637 1729 τῆς
671 1656 799 1730 Ἀθηνοῖς
830 1656 1018 1735 οέγοίλματι.
1050 1662 1145 1720 τελῶν
1177 1655 1207 1719 δὲ
1239 1665 1277 1736 τῇ
1309 1655 1362 1734 θεῷ
1395 1655 1438 1719 τοὶ

348 1777 466 1857 συνήθη,
498 1779 583 1842 κατα
614 1778 726 1842 ταθτθν
757 1777 808 1841 καί
840 1778 881 1858 τῷ
913 1775 982 1856 θρωῒ
1011 1777 1052 1842 τθο
1084 1775 1261 1855 ἐγνωσμένα
1288 1777 1324 1854 οἱ,
1354 1776 1438 1840 κοντοὶ

348 1899 457 1974 θεσμὸν
476 1897 620 1979 ἔπραττε,
640 1898 736 1977 τούτῳ
756 1896 789 1961 δέ
809 1899 851 1976 τῷ
870 1898 968 1978 τρθπῳ
981 1905 1034 1972 τῆς
1048 1903 1099 1962 τοῦ
1113 1899 1247 1962 ἐνυπνίου
1259 1897 1439 1976 συμβουλῆς

348 2016 424 2101 ἐργιρ
459 2019 681 2098 πληρωθείσης,
713 2018 924 2098 ἐπιβρίσαντες
958 2023 1009 2084 τοῦ
1041 2023 1185 2102 σεισμοῦ,
1216 2017 1321 2096 μένους
1354 2019 1440 2091 Ἀθη·

349 2142 449 2214 ναίους
474 2143 671 2219 περισωθῆναι
695 2140 807 2217 συνέβη
823 2141 857 2222 ¹).

394 2263 515 2343 Quibus
547 2263 695 2328 omnibus
726 2264 898 2350 perpensis,
923 2284 984 2328 non
1008 2260 1142 2347 planen
1165 2281 1258 2348 scopo
1281 2261 1441 2327 aberrasse

347 2384 498 2450 videntur
531 2387 586 2470 qui
620 2384 874 2462 Eleusiniorum,
916 2390 1010 2468 etque
1046 2385 1173 2448 omnino
1208 2385 1439 2469 mysteriorum

347 2511 504 2571 secretum
528 2527 545 2570 s
567 2508 702 2590 magicis
725 2507 902 2570 constitisse
925 2503 1071 2570 formulis
1091 2507 1290 2570 coniecerunt
1302 2503 1338 2585 ¹).
1365 2503 1438 2570 Non

347 2625 472 2691 ultimis
495 2627 693 2712 temporibus
716 2629 750 2691 in
768 2629 922 2714 mysteria
939 2629 1067 2712 irrepsit
1087 2628 1204 2711 megia,
1222 2625 1277 2690 sed
1297 2646 1315 2690 a
1333 2627 1438 2710 prima

347 2747 421 2812 inde
444 2749 569 2832 origine
590 2749 631 2811 iis
652 2749 764 2812 inerat.
794 2747 923 2812 Etenim
946 2749 1099 2834 mysteria
1122 2753 1178 2811 sut
1200 2747 1294 2831 plene
1312 2767 1329 2811 e
1347 2745 1439 2810 cultu

349 2867 525 2944 ehthonieO,
558 2871 579 2933 i.
604 2889 631 2933 e.
663 2868 861 2934 infernorum
892 2871 1062 2933 numinum
1084 2871 1294 2950 veneratione,
1319 2867 1439 2953 prodie-

348 2993 424 3053 runt
433 2990 469 3072 ἐ),
504 2994 561 3053 sut
594 2995 677 3054 terte
712 3011 786 3054 eum
820 2988 911 3054 cultu
944 2990 1112 3055 ehthonico
1148 3010 1245 3075 quum
1280 2991 1438 3054 artissime

348 3108 531 3179 coaluerunt
544 3111 587 3188 ⁴);
629 3118 724 3196 atque
766 3113 801 3174 in
833 3110 890 3176 illo
926 3110 1016 3176 cultu
1051 3114 1171 3196 primas
1205 3111 1302 3176 fuisse
1333 3116 1439 3196 partes

348 3232 549 3316 magicorum
568 3231 785 3310 artificiorum,
806 3234 889 3297 inter
909 3252 1017 3297 omnes
1036 3238 1121 3297 esrto
1139 3234 1256 3296 certius
1271 3233 1438 3312 eonstst5).

384 3458 407 3519 1)
424 3457 461 3507 of.
478 3458 666 3516 Gsssouovms,
685 3458 769 3506 Geseh.
787 3457 810 3507 d.
828 3458 898 3508 Stetit
915 3458 995 3508 Athen
1013 3458 1047 3508 im
1064 3458 1139 3516 Mitt.¹
1159 3465 1218 3508 tom.
1235 3459 1256 3518 Ι,
1274 3475 1297 3523 p.
1317 3458 1356 3508 82.

384 3540 408 3602 2)
428 3540 556 3600 Fouosur,
575 3539 647 3590 Mem.
665 3540 694 3589 de
712 3540 806 3589 l’Arud.
824 3541 864 3588 des
881 3541 943 3589 lnse.
960 3547 1018 3590 tom.
1036 3539 1122 3589 XXXV
1140 3541 1188 3589 2³10
1206 3546 1269 3604 part.
1286 3557 1310 3605 p.
1328 3539 1358 3592 73
1376 3539 1440 3602 (vids

349 3623 385 3684 §8
401 3639 426 3687 p.
444 3623 492 3685 80).
509 3623 536 3672 1..
555 3623 651 3682 ΒλοοΗ,
669 3623 718 3671 Der
735 3623 795 3672 Kult
812 3640 836 3671 ιι.
853 3623 892 3672 (iis
909 3624 982 3688 Myst.
1000 3640 1046 3673 ron
1064 3625 1153 3682 Eleus,
1171 3640 1193 3687 p.
1213 3624 1251 3672 84.

383 3705 408 3768 3)
431 3706 537 3764 Μιιιιιῑ,
560 3705 626 3754 Hist.
649 3707 671 3756 d.
690 3705 734 3755 rel.
752 3707 775 3754 d.
792 3705 810 3755 l.
829 3706 869 3754 Gr.
888 3713 938 3754 ant.
955 3713 1014 3755 tom.
1030 3706 1064 3756 11.
1083 3723 1107 3771 p.
1126 3706 1186 3765 320;
1205 3705 1304 3766 Rounu,
1322 3705 1440 3771 Psyche¹,

352 3793 411 3838 tom.
430 3789 451 3839 I.
469 3788 550 3853 pets
568 3804 619 3852 sqq.

360 3855 363 3862 ¹
383 3873 408 3932 4)
426 3870 554 3929 Fortem,
572 3868 645 3920 Mem.
664 3871 693 3919 ds
710 3871 804 3919 l'iiesd.
821 3870 862 3919 des
879 3870 942 3920 Insc.
959 3876 1017 3920 tom.
1034 3870 1120 3920 XXXV
1137 3872 1186 3920 21110
1203 3877 1259 3936 pert
1275 3888 1298 3937 p.
1316 3871 1424 3923 74-84.

387 3954 410 4013 5)
436 3951 473 4000 Of.
490 3969 511 4000 ο.
528 3967 550 4015 g.
567 3951 594 4000 Ιι.
613 3952 709 4011 Bnocfl,
725 3951 774 4001 Der
790 3952 850 4001 Kult
868 3970 892 4002 u.
909 3953 948 4001 dis
965 3953 1039 4018 Myst.
1056 3971 1079 4002 v.
1096 3954 1177 4002 Eleus.
1195 3955 1212 4003 l.
1230 3955 1260 4003 l.:
1279 3954 1340 4013 „Die
1357 3954 1441 4002 sintho-

353 4035 452 4085 nisehen
468 4034 542 4084 Knlte
559 4050 638 4084 waren
655 4035 823 4100 urspriinglieh
841 4035 867 4084 in
885 4046 958 4086 ersten
975 4036 1203 4101 Rsihs‘prektisshs
1220 4037 1326 4101 Magi0”.
