3404 5368
659 2147 973 2240 PRAEFATIO.

314 2631 361 2696 De
390 2629 500 2695 Isiaois
530 2629 692 2714 disputare
718 2632 883 2717 mysteriis
906 2652 981 2695 cum
1005 2632 1151 2694 animum
1173 2629 1366 2726 induxerim,

268 2755 379 2838 paucis
409 2757 493 2818 certe
522 2753 662 2818 indicare
689 2773 814 2818 necesse
837 2759 894 2836 est,
920 2775 1017 2838 quam
1041 2755 1129 2818 viam
1152 2773 1188 2817 ac
1210 2755 1369 2816 rationem

269 2879 437 2939 secuturus
459 2875 522 2936 sim
545 2875 578 2937 in
601 2873 695 2938 rebus
714 2875 801 2938 hisce
821 2872 916 2958 paulo
931 2873 1173 2939 obscurioribus
1193 2877 1225 2937 et
1241 2875 1372 2938 investi·

268 2996 382 3082 gaudis
406 2999 438 3059 et
462 2995 668 3079 exponendis.

315 3118 464 3182 Primum
485 3116 545 3180 hoc
567 3117 728 3179 monitum
752 3113 852 3180 velim
876 3115 1046 3180 candidum
1066 3114 1230 3191 lectorem,
1251 3134 1314 3177 non
1335 3115 1373 3178 16

269 3238 488 3304 vetustissima
523 3236 760 3322 Aegyptiorum
792 3237 845 3300 hic
876 3237 930 3321 agi
960 3235 1126 3321 religione,
1160 3236 1214 3300 sed
1244 3235 1281 3300 de
1312 3233 1371 3298 illo

269 3359 360 3425 cultu
395 3380 434 3423 ex
470 3359 678 3443 Aegyptiacis
713 3355 977 3440 Graecanicisque
1018 3359 1219 3422 caerimoniis
1257 3357 1372 3432 mixto,

270 3483 337 3564 qui,
368 3478 573 3544 volventibus
604 3480 704 3556 annis,
737 3477 875 3542 Romani
898 3479 1027 3562 imperii
1049 3479 1191 3567 peruasit
1214 3479 1370 3564 regiones.

270 3600 383 3684 Itaque
412 3621 475 3664 non
505 3605 574 3664 tam
605 3597 917 3684 Acgyptologorum,
950 3604 987 3663 ut
1017 3599 1115 3663 verbo
1142 3600 1266 3663 novitio
1289 3603 1372 3675 utar,

272 3721 309 3786 de
341 3721 402 3785 diis
437 3721 595 3785 deabusve
624 3719 910 3796 lucubrationibus,
943 3755 986 3767 -
1016 3739 1212 3803 quamquam
1241 3723 1274 3782 ct
1303 3718 1377 3782 inde

274 3839 378 3904 multa
397 3834 452 3906 me¹
473 3841 621 3906 didicisse
639 3843 775 3904 minime
794 3839 913 3904 infitias
933 3840 986 3904 ibo
1008 3875 1065 3917 -‚
1089 3839 1143 3903 sed
1162 3839 1271 3904 [rafaei
1290 3859 1378 3923 prae·

275 3963 388 4026 sertim
406 3960 488 4026 libro
509 3962 568 4039 „da
588 3962 722 4027 deorum
742 3960 1032 4026 Alexandrinorum
1051 3959 1141 4024 cuitu
1158 3981 1177 4025 a
1192 3959 1377 4024 Ptolemaeo

275 4103 351 4168 rege
372 4081 412 4146 ad
433 4083 610 4147 Antoninos
628 4082 857 4168 imperatores''
871 4080 894 4159 ¹)
915 4088 1010 4166 atque
1031 4081 1190 4147 Drexlerii
1208 4082 1268 4158 „de
1284 4080 1378 4145 Isidis

276 4202 360 4288 apud
376 4200 513 4268 Graecos
523 4202 753 4287 'Romanosque
770 4202 882 4269 cultu”
900 4204 1159 4288 monographiae‚
1172 4223 1252 4286 quae
1264 4202 1380 4266 Lexioo

311 4414 335 4475 1)
352 4413 381 4462 G.
399 4413 512 4468 Lsusru,
527 4409 635 4459 Histoire
655 4409 687 4458 du
703 4409 768 4458 culte
783 4411 823 4458 166
838 4409 953 4460 divinitas
967 4409 1138 4460 d'Alerandrie
1152 4410 1209 4458 hors
1224 4410 1253 4458 do
1268 4389 1382 4474 uligypte

277 4495 369 4556 (1884).
1172 4511 1181 4538 r
1221 4559 1234 4606 1
1316 4538 1319 4542 .
