3404 5368
748 1368 821 1455 ss.

278 1544 327 1615 De
358 1549 532 1615 Eleusiniis
559 1552 723 1636 mysteriis
746 1571 820 1616 cnm
850 1557 898 1616 tot
921 1571 956 1616 ac
980 1556 1047 1615 tam
1072 1552 1197 1618 diversa
1220 1574 1238 1617 a
1260 1556 1340 1619 viris

234 1671 335 1736 doctis
356 1673 391 1734 in
413 1670 558 1736 medium
581 1673 645 1735 sint
667 1670 801 1757 prolata,
826 1678 864 1736 ut
887 1674 959 1749 tiro,
984 1693 1157 1757 quemnam
1175 1679 1336 1758 sequatur,

233 1796 374 1858 incertus
404 1793 542 1874 haereat,
574 1813 711 1878 cumque
742 1795 821 1878 ipsis
843 1794 994 1871 fontibus,
1018 1796 1086 1859 sive
1108 1793 1265 1859 librorum
1288 1793 1339 1858 ad·

233 1913 345 1978 hibeas
368 1914 553 1977 testimonia
575 1915 643 1979 sive
662 1912 818 1998 lapidum,
839 1915 966 1978 nonnisi
987 1915 1170 1978 cautissime
1181 1915 1339 1980 utendum

235 2039 288 2114 sit,
319 2056 456 2120 cumque
486 2057 503 2100 e
534 2035 647 2100 laceris
678 2037 869 2122 fragmentis
898 2035 1026 2122 lateque
1050 2036 1199 2121 dispersis
1223 2039 1278 2101 vix
1302 2058 1337 2102 ac

232 2179 271 2223 ne
302 2159 358 2223 vix
383 2156 512 2242 quidem
535 2160 641 2221 totum
666 2155 776 2243 colligi
799 2163 904 2241 queat,
929 2157 1013 2242 quod
1034 2157 1136 2242 ne'que
1160 2178 1178 2221 a
1200 2160 1337 2222 veritate

231 2279 399 2344 abhorreat
429 2283 461 2342 et
492 2276 657 2362 splendore
681 2297 717 2342 ac
742 2283 909 2354 venustate
933 2277 1073 2342 detineat
1098 2279 1238 2355 animos,·
1263 2283 1337 2362 peto

231 2419 250 2463 a
271 2395 427 2463 benevolo
450 2396 568 2462 lectore
590 2399 729 2475 veniam,
752 2399 790 2474 si,
816 2418 897 2482 quae
920 2400 1098 2482 scripturus
1122 2418 1207 2475 sum,
1227 2401 1336 2461 minus

231 2517 372 2583 dilucida
396 2523 490 2582 erunt
512 2519 682 2602 minusque
705 2517 870 2604 eleganter
894 2518 1070 2582 decurrent.

276 2635 498 2705 consideranti
525 2645 635 2703 autem
660 2639 742 2702 mihi
765 2659 801 2704 ac
824 2639 996 2717 dubitanti,
1019 2638 1180 2704 undenam
1203 2641 1336 2703 initium

230 2779 376 2844 caperem
406 2759 592 2844 disputandi
624 2759 661 2823 de
693 2780 727 2824 re
758 2763 826 2824 tam
857 2760 990 2824 obscura
1021 2764 1151 2844 tamque
1176 2761 1335 2837 intricata,

231 2881 433 2945 tutissimum
463 2881 571 2944 visum
601 2884 660 2957 est,
691 2886 898 2964 praeceptum
926 2882 1017 2964 sequi
1039 2883 1218 2964 antiquitus
1240 2879 1336 2943 tradi·

231 3005 315 3078 tum,
339 3000 381 3065 τὰ
405 3001 500 3081 μικρὰ
525 2997 675 3077 μυεῖσθαι
700 3001 755 3078 πρὸ
779 3002 838 3064 τῶν
861 3000 1023 3077 μεγάλων.
1059 3000 1188 3064 Etenim
1212 2999 1337 3065 Eleusi-

230 3122 332 3186 niacis
361 3121 429 3185 sive
461 3120 637 3185 maioribus
663 3122 829 3206 mysteriis
854 3123 977 3185 initiari
1001 3123 1057 3204 qui
1079 3120 1258 3205 cupiebant,
1283 3141 1336 3184 eos

231 3245 396 3307 minorum
418 3243 563 3326 primum
586 3241 683 3326 Agris
705 3243 878 3325 participes
901 3240 971 3305 fieri
993 3243 1225 3327 mysteriorum
1248 3262 1338 3326 opor-

231 3364 330 3442 tebat,
362 3383 442 3448 quae
473 3382 582 3426 mense
613 3364 783 3446 quotannis
815 3360 1056 3426 celebrabantur
1083 3363 1336 3428 Anthesterione.

231 3483 352 3549 Verum
379 3504 435 3548 nec
459 3482 498 3546 de
522 3482 700 3546 minoribus
724 3480 830 3546 teletis
854 3502 934 3565 quae
958 3481 1041 3566 apud
1066 3484 1233 3566 scriptores
1258 3485 1338 3546 anti-

232 3627 309 3691 quos
339 3604 480 3690 legimus
514 3605 707 3688 paucissima
738 3608 807 3666 tam
830 3603 908 3666 bene
931 3605 1015 3666 inter
1038 3623 1071 3667 se
1095 3604 1275 3679 cohaerent,
1298 3607 1336 3666 ut

232 3747 413 3811 expressam
443 3726 621 3809 imaginem
647 3725 862 3810 mysticarum
887 3725 1153 3788 caerimoniarum
1176 3725 1269 3788 nobis
1291 3726 1338 3786 in-

231 3847 368 3912 formare
390 3847 561 3929 possimus.

276 3965 438 4050 Stephano
471 3967 498 4028 si
522 3963 682 4029 credimus
705 3963 883 4049 Byzantino
901 3963 934 4043 ¹),
960 3965 1085 4027 minora
1107 3965 1265 4048 mysteria
1288 3964 1337 4038 st-

231 4111 327 4165 μημα
361 4087 493 4152 fuerunt
523 4092 581 4149 τῶν
614 4084 680 4164 περὶ
713 4086 764 4150 τὸν
799 4083 951 4161 Διόνυσον,
983 4086 1004 4147 i.
1030 4105 1057 4148 e.
1089 4086 1337 4166 repraesentatio

231 4207 346 4292 Zagrei
375 4228 393 4271 a
421 4206 545 4270 Titanis
570 4205 741 4270 dilacerati.
769 4203 888 4272 Contra
911 4207 939 4267 si
963 4201 1162 4270 Clementem
1186 4203 1337 4268 audimus

267 4422 295 4484 l)
320 4421 403 4484 Steph.
428 4419 486 4483 Byr.
511 4417 527 4466 i.
546 4433 569 4465 v.
592 4415 685 4478 Ἄγραι.
717 4417 754 4466 of.
780 4423 804 4466 st
830 4417 908 4466 Noun.
935 4415 1035 4478 Dionys.
1063 4413 1175 4472 XLVIII,
1203 4416 1252 4463 462
1275 4432 1339 4479 sqq„

234 4518 344 4566 quaeque
361 4501 427 4549 hisce
441 4501 471 4549 da
488 4499 548 4547 locis
565 4497 675 4561 disputat
691 4498 720 4546 E.
738 4499 837 4556 Mssss,
855 4498 967 4561 Orpheus
985 4512 1007 4560 p.
1026 4495 1057 4544 81
1077 4495 1133 4544 adn.
1153 4495 1219 4557 106).
