3404 5368
904 1313 979 1400 ga.

434 1511 597 1577 Sancruzii
627 1531 744 1576 novem
773 1531 830 1595 per
859 1509 963 1575 lustra
993 1513 1112 1574 mansit
1142 1512 1277 1576 immota
1307 1514 1492 1590 auotoritas,

389 1634 498 1711 donec,
518 1607 684 1698 notissimo
703 1631 760 1698 1111
779 1632 871 1710 libro,
892 1634 945 1697 cui
964 1630 1081 1696 titulus
1101 1634 1274 1717 inscriptus
1294 1637 1342 1697 est
1356 1631 1494 1718 „Aglao-

388 1755 538 1840 phamus,
562 1757 629 1820 sive
652 1754 690 1819 de
714 1751 895 1839 theologiae
920 1754 1075 1840 mysticae
1099 1751 1296 1819 Graecorum
1316 1754 1441 1820 causis’'
1458 1757 1494 1819 in

387 1876 493 1941 lucem
524 1878 650 1955 emisso,
683 1897 902 1961 quaecumque
932 1877 966 1940 in
991 1875 1155 1940 Sanerucii
1178 1897 1271 1961 opere
1294 1878 1402 1941 minue
1425 1897 1496 1961 pro-

388 1997 491 2062 banda
517 2002 602 2074 sunt,
626 1998 834 2064 vehementer
855 1999 1064 2083 impugnavit
1087 1996 1275 2074 Lobechius,
1300 1996 1495 2083 firmumque

388 2118 517 2183 tandem
549 2121 657 2203 posuit
681 2117 940 2196 fundamentum,
963 2121 1016 2182 eui
1039 2120 1143 2182 tutius
1166 2119 1200 2181 in
1222 2123 1387 2202 posterum
1410 2121 1495 2183 inee-

388 2239 551 2305 dificarent
582 2238 753 2326 philologi.
785 2239 916 2303 Etenim
943 2260 1005 2304 non
1029 2237 1134 2304 solum
1156 2238 1313 2304 indefessa
1335 2239 1495 2306 industria

388 2360 441 2427 vel
472 2381 511 2426 ex
542 2361 805 2426 reconditissimis
828 2359 956 2446 angulis
980 2361 1096 2437 omnia,
1122 2380 1202 2444 quae
1225 2360 1265 2424 ad
1288 2381 1375 2425 sacra
1399 2365 1495 2446 perti·

387 2487 483 2547 noant
506 2484 655 2568 mystica,
681 2480 814 2568 collegit
837 2481 990 2565 undique,
1015 2480 1070 2545 sed
1093 2482 1192 2545 etiam
1211 2479 1251 2544 ad
1270 2480 1354 2566 quod
1374 2487 1495 2568 myste-

387 2605 510 2668 riorum
534 2623 637 2687 genus
658 2602 821 2667 referenda
845 2607 950 2666 essent
969 2599 1108 2687 singula,
1129 2601 1308 2668 incredibili
1327 2601 1495 2688 indagavit

392 2726 576 2810 sagacitate.

437 2843 522 2912 Cum
552 2849 662 2910 autem
692 2844 881 2922 Lobealriue,
913 2845 1074 2910 occasione
1106 2843 1222 2922 oblata,
1256 2844 1293 2910 de
1317 2846 1494 2931 peregrinis

391 2987 515 3052 quoque
539 2968 663 3052 copiose
687 2945 960 3042 (111111111111111,
986 2987 1133 3051 cumque,
1158 2967 1264 3030 11111
1288 2965 1402 3043 dicam,
1426 2965 1494 3030 the-

391 3108 523 3152 saurum
553 3108 662 3152 rerum
692 3089 904 3174 mysticarum
935 3085 1114 3175 collegerit,
1147 3108 1218 3173 spes
1249 3087 1332 3152 mihi
1361 3085 1491 3165 affulsit,

390 3230 481 3295 posse
515 3209 589 3274 inde
623 3210 779 3294 quaedam
814 3209 946 3275 fortasse
978 3215 1010 3274 et
1039 3212 1074 3273 in
1104 3209 1237 3273 huiusce
1269 3209 1493 3293 disputationis

391 3351 488 3394 usum
521 3332 675 3408 converti,
711 3351 769 3395 nec
804 3351 874 3414 spes
911 3351 963 3394 me
993 3328 1115 3395 fefellit.
1150 3329 1274 3414 Nempe
1304 3331 1338 3393 in
1370 3329 1494 3393 decima
1593 3334 1594 3338 ’

392 3453 504 3536 quinta
526 3452 624 3535 primi
645 3449 721 3516 libri
744 3451 945 3536 paragrapho
968 3452 1038 3536 ipsa
1062 3450 1274 3528 αἰνιγματώδη
1295 3449 1354 3515 1111
1376 3447 1495 3535 Apulei

392 3571 489 3636 verba
518 3569 676 3654 explicare
706 3574 848 3648 conatur,
879 3592 937 3636 nec
967 3569 1079 3657 procul
1109 3571 1200 3649 afuit,
1233 3574 1261 3636 ei
1290 3570 1367 3655 quid
1390 3569 1492 3649 video,

392 3693 469 3777 quin
493 3712 625 3776 scopum
647 3692 764 3756 feriret.
795 3690 856 3756 Sed
880 3692 999 3758 diversi
1022 3695 1149 3779 generis
1172 3713 1231 3768 res,
1256 3692 1342 3777 quod
1366 3713 1494 3779 magno

392 3833 465 3899 pere
488 3811 670 3890 dolendum,
695 3813 755 3878 hoc
777 3811 845 3878 loco
864 3815 949 3878 inter
968 3834 1001 3878 se
1021 3814 1162 3878 confudit
1182 3819 1277 3898 atque
1296 3816 1493 3898 permiscuit,

391 3935 438 3996 ita
461 3937 498 3996 ut
521 3931 740 4017 explicationis
763 3933 908 4019 indigeat
931 3933 1109 4019 explicatio.
1138 3934 1243 4018 Atque
1266 3955 1341 4000 cum
1363 3935 1453 4001 locus
1476 3957 1493 4000 e

392 4058 541 4118 contextu
571 4056 616 4118 sio
641 4057 762 4120 temere
792 4053 889 4121 evelli
912 4077 974 4120 non
998 4057 1108 4140 possit,
1132 4076 1232 4140 pauca
1256 4056 1294 4122 de
1317 4061 1384 4123 tota
1406 4079 1494 4142 para-

391 4175 524 4261 grapho,
550 4195 703 4259 quorsum
727 4175 845 4254 tendat,
869 4175 1039 4261 praefanda
1062 4181 1148 4242 sunt.

437 4296 558 4380 Agitur
578 4296 616 4361 de
635 4317 828 4383 magnorum
848 4317 929 4382 quae
949 4296 1100 4364 1111111111
1119 4297 1358 4365 celebrabantur
1375 4305 1494 4386 myste-

391 4417 514 4482 riorum
539 4417 701 4499 παννυχίδι
722 4419 990 4503 vehementerque
1010 4422 1200 4508 perstringit
1223 4419 1401 4486 Irobechius
1419 4419 1494 4487 San·
