3346 5376
940 459 1003 525 128

425 645 596 715 'Etruriam
618 641 780 720 Φάσματα
802 664 865 708 non
889 647 1009 707 statuas
1028 643 1161 707 deorum
1180 643 1236 707 sed
1254 645 1377 728 spectra
1396 636 1524 706 fuisse?

423 762 537 850 Itaque
566 767 601 828 in
630 785 701 829 cam
732 763 884 829 adductos
915 785 982 829 esse
1005 770 1128 851 mystas
1152 766 1343 848 opinionem,
1367 769 1405 827 ut
1426 764 1528 848 ipsis-

426 889 507 952 sima
536 889 669 951 numina
700 907 788 951 sacra
809 889 843 950 in
867 892 957 951 nocte
981 907 1048 950 sese
1072 887 1232 971 adspicere
1255 884 1454 961 crediderint,
1481 905 1528 948 cx

426 991 494 1072 asse
510 1011 702 1072 assentimur
713 1029 745 1071 v.
759 1003 798 1072 cl.
812 1007 848 1072 0.
863 1005 1004 1084 (133333,
1019 1005 1223 1072 Griechische
1235 1006 1441 1094 Mythologie
1452 1005 1528 1069 und

427 1129 775 1216 Religionsgeschichte
799 1151 830 1214 p.
857 1127 916 1193 54:
954 1127 1022 1206 „Zu
1045 1129 1150 1193 diesen
1175 1129 1358 1205 ἀγάλματα
1382 1125 1530 1207 (Gottes

427 1251 564 1330 bildcrn)
587 1251 717 1316 rechnet
740 1271 813 1315 man
838 1248 1038 1336 gewdhnlich
1055 1249 1079 1330 ¹)
1091 1247 1183 1314 'auch
1202 1249 1252 1314 dia
1272 1248 1434 1328 φάσματα
1455 1247 1531 1313 und

430 1371 481 1437 die
511 1372 750 1451 <inardescam
781 1371 865 1437 'doch
881 1372 1013 1437 'konnen
1037 1373 1096 1436 wir
1118 1372 1224 1437 diesen
1248 1371 1418 1438 Ausdruck
1440 1371 1530 1436 nach

429 1494 660 1581 griechischem
691 1492 972 1580 Sprachgebrauch
1003 1493 1101 1558 lraum
1118 1494 1244 1558 -anders
1274 1493 1321 1558 als
1351 1515 1414 1559 von
1445 1491 1532 1558 leib-

429 1616 537 1680 haften
567 1613 732 1681 (lestalten
760 1615 815 1680 der
837 1614 1001 1679 Dimonen
1024 1615 1079 1678 der
1100 1613 1242 1679 Erdtiefe
1265 1615 1340 1679 oder
1363 1616 1444 1680 auch
1469 1615 1533 1680 der

430 1737 668 1802 Himmlischen
695 1737 873 1814 verstehen,
898 1737 1028 1814 welche,
1048 1738 1095 1801 sei
1118 1757 1151 1800 es
1174 1736 1346 1802 durch‘die
1370 1736 1533 1802 Schlucht

430 1860 485 1925 dos
515 1861 660 1938 μέγαρον,
692 1863 737 1925 331
772 1880 805 1924 33
835 1859 935 1924 durch
963 1858 1018 1922 das
1043 1858 1148 1922 ὀπαῖον
1171 1857 1354 1936 kommand‚
1379 1880 1442 1922 von
1465 1859 1533 1923 den

436 1980 619 2069 Gliubigen
648 1980 873 2047 vermeintlich
904 1979 1040 2045 erbliclrt
1070 1979 1136 2044 und
1160 1979 1246 2044 wohl
1269 1981 1349 2045 auch
1372 1981 1491 2067 gahdrt
1505 1977 1534 2062 ³)

435 2104 598 2169 wurd'en.’'

425 2239 428 2249 ’
478 2225 596 2306 Quodsi
626 2228 660 2290 in
691 2223 820 2292 Graecis
852 2227 1016 2311 mysteriis
1046 2245 1178 2310 magnas
1207 2225 1305 2290 luisse
1328 2230 1533 2310 spectrorum

420 2343 538 2434 partes
562 2354 646 2412 certo
670 2350 788 2412 certius
812 2352 943 2424 constat,
969 2352 1001 2410 31
1024 2346 1062 2410 ab
1085 2345 1194 2410 Isiacis
1218 2349 1382 2433 mysteriis
1406 2353 1535 2431 spectra

433 2468 537 2534 aliena
559 2491 621 2533 non
645 2469 752 2546 fuisse,
775 2471 922 2554 opinione
945 2473 1028 2533 certa
1051 2487 1251 2552 praesumere
1274 2466 1360 2532 licet.
1384 2463 1469 2534 (lum
1489 2469 1534 2530 iis

431 2594 535 2677 igitur
557 2593 732 2656 consentire
756 2612 817 2655 non
840 2610 1019 2676 possumus,
1041 2591 1097 2674 qui
1113 2589 1231 2654 ’1313333
1249 2591 1440 2654 initiationis
1459 2591 1535 2654 vim

432 2719 527 2797 atque
557 2699 704 2777 eflectum
734 2715 768 2776 in
799 2711 1019 2798 symbolorum
1050 2717 1177 2776 tanturn
1202 2711 1254 2776 vel
1276 2717 1457 2792 statuarum
1481 2712 1535 2776 ad-

433 2839 542 2919 spectu
562 2819 705 2919 positum
724 2834 821 2898 fuisse
842 2833 1039 2899 contendant.
1064 2832 1157 2913 Quid,
1178 2836 1206 2898 si
1225 2840 1405 2898 statuarum
1421 2833 1534 2898 nullae

433 2958 562 3020 omnino
591 2955 648 3020 1113
679 2959 710 3019 13
742 2940 922 3020 initiatione
954 2961 1042 3020 erant
1068 2952 1193 3040 partes?
1216 2955 1286 3020 Hoc
1308 2958 1394 3020 enim
1418 2957 1534 3021 suadet

433 3076 592 3154 Plotinus,
626 3077 766 3142 Ennead.
799 3075 842 3141 VI
872 3077 928 3143 lib.
959 3075 1017 3154 ix,
1044 3077 1095 3154 ll,
1129 3078 1185 3141 ubi
1213 3099 1298 3154 eum,
1323 3075 1534 3163 quiesceres

434 3219 560 3264 summo
584 3217 664 3264 cum
683 3201 815 3263 numine
837 3197 874 3262 fit
896 3199 1062 3283 particeps,
1087 3220 1161 3262 cum
1182 3199 1338 3264 initiando
1358 3206 1531 3286 comparat.

435 3318 564 3384 Scilicet
598 3321 653 3404 qui
688 3319 727 3384 ad
762 3334 893 3404 scopum
929 3318 1014 3384 hunc
1045 3322 1131 3385 vitae
1162 3341 1197 3384 ac
1227 3320 1323 3385 finem
1351 3322 1530 3402 contendat,

435 3449 510 3506 eum
540 3448 572 3505 ct
600 3430 874 3526 pulchritudinem
892 3442 1133 3506 'transcendisse
1164 3438 1289 3528 oportet
1319 3447 1352 3508 et
1381 3446 1531 3520 virtutes,

437 3559 575 3640 trepidate
610 3556 663 3638 ἤδη
700 3562 749 3625 καὶ
786 3562 837 3626 τὸν
873 3569 930 3627 τῶν
962 3566 1074 3640 ἀρετῶν
1105 3565 1204 3643 κόρον,
1237 3561 1405 3644 3133133313
1430 3567 1471 3636 εἰς
1495 3568 1531 3630 τὸ

438 3683 506 3750 sico
530 3689 583 3749 τοῦ
607 3684 719 3749 ἀδύτου
743 3685 851 3762 εἰσδὺς,
877 3686 918 3755 εἷς
943 3685 1076 3750 rotrico
1097 3688 1277 3750 καταλιπὼν
1296 3689 1338 3752 τὰ
1359 3689 1388 3751 r’i
1407 3689 1531 3768 3313αῷ

471 3945 495 4006 1)
520 3946 596 3994 Affcrt
620 3943 661 3993 hic
686 3943 789 3993 (lacera
816 3943 841 3992 in
863 3945 919 3994 adn.
941 3944 1051 4004 Locren,
1074 3946 1130 4010 Agl.
1143 3945 1174 4005 ΙΙ,
1194 3947 1232 4005 58,
1257 3963 1327 4011 qnam
1349 3949 1430 3997 locum
1448 3955 1472 3998 ct
1485 3951 1532 3998 'nos

438 4044 510 4092 supra
528 4027 665 4076 attulimus.
1413 4059 1415 4064 ·
1484 4046 1487 4052 ¹

471 4109 495 4171 2)
517 4109 602 4158 Adfert
625 4109 665 4158 hic
690 4109 793 4158 Gaurrn
812 4110 836 4158 in
854 4111 908 4160 adn.
927 4110 1053 4159 Plutarchi
1071 4111 1251 4166 testimonium:
1271 4111 1354 4172 „Ncch
1371 4113 1438 4163 Plut.
1454 4113 1531 4163 Phok.

438 4190 469 4239 28
488 4192 642 4241 erschreckcn
660 4192 783 4252 μυστικαῖ
797 4190 867 4251 ’ὄψεις
883 4193 931 4241 und
946 4193 1028 4254 Φωναί
1039 4194 1077 4242 dic
1094 4193 1208 4244 11313(13”Ι
1224 4195 1321 4260 Spectat
1330 4192 1371 4246 hic
1379 4181 1531 4254 Plutarchus,

438 4273 464 4322 ni
486 4273 567 4333 fallor,
581 4274 645 4323 idam
660 4274 812 4333 miraculum,
829 4275 897 4323 cuius
914 4274 1032 4324 Aristides
1047 4275 1082 4324 1.1.
1097 4275 1156 4324 13311
1173 4278 1333 4337 mentionem
1348 4280 1378 4328 cf.
1393 4279 1458 4328 Plut.
1473 4279 1531 4328 'Phc-

439 4355 504 4404 mist.
523 4355 562 4404 lt.
587 4384 618 4394 —
642 4357 679 4406 Cf.
698 4363 722 4406 31
739 4357 786 4406 Dio
805 4356 927 4422 chrysost.
946 4356 1013 4406 Orat.
1030 4357 1079 4406 XII
1098 4374 1120 4422 p.
1139 4358 1199 4410 3872
1217 4361 1301 4408 πολλὰ
1319 4360 1363 4420 μὲν
1381 4360 1473 4422 δρῶντα
1490 4364 1529 4422 (sc.

438 4437 573 4500 initiatum)
591 4441 702 4500 porcinis
719 4439 842 4502 θεάματα,
859 4443 958 4490 πολλῶν
976 4438 1003 4488 δὲ
1020 4438 1143 4490 ἀκούοντα
1159 4441 1277 4491 τοιούτων
1295 4447 1384 4505 φωνῶν.
