3404 5368
784 517 826 584 53

255 703 321 769 afui
344 708 381 766 ut
406 703 503 766 etiam
526 699 612 765 ultro
634 703 787 786 gestirem
810 701 868 766 tali
892 704 1080 788 magisterio
1104 723 1156 766 me
1180 702 1228 766 vel
1248 701 1355 787 ampla

253 846 329 891 cum
352 821 495 889 mercede
518 821 642 887 tradere
665 828 697 887 et
719 844 849 908 prorsus
872 825 907 888 in
928 825 1037 908 ipsum
1059 823 1246 888 barathrum
1269 822 1354 888 saltu

253 948 376 1012 concito
399 942 639 1030 praecipitare’'.
656 943 679 1023 ¹)
702 942 837 1009 Difficile
861 946 932 1021 erit,
956 947 1110 1009 mirarum
1131 965 1239 1010 rerum
1258 952 1354 1030 atque

252 1067 452 1152 magicarum
470 1063 615 1128 studium
634 1063 846 1130 viridioribus
866 1064 1037 1151 depingere
1056 1064 1226 1131 coloribus.
1244 1065 1354 1152 Neque

250 1187 357 1252 fictam
385 1186 438 1250 hio
460 1184 548 1270 loqui
572 1205 749 1270 personam,
771 1185 825 1251 sed
847 1188 1048 1271 ipsissimum
1070 1189 1266 1272 scriptorem,
1292 1210 1354 1252 non

212 1333 213 1338 ¹
249 1307 356 1374 solum
387 1327 497 1372 omnes
527 1305 827 1394 Metamorphoseon
857 1306 943 1385 libri,
975 1307 1030 1372 sed
1054 1313 1084 1372 et
1109 1313 1212 1373 cetera
1236 1307 1351 1394 Apulei

249 1434 409 1495 testantur
431 1448 535 1515 opera.

293 1549 489 1615 Evolvamus
510 1549 605 1616 modo
626 1551 686 1628 ,‚de
702 1551 759 1616 deo
772 1550 931 1617 Socratis'’
945 1550 1076 1629 librum,
1090 1551 1350 1638 disputationem,

248 1671 519 1759 quemadmodum
538 1671 643 1737 voluit
661 1675 806 1760 scriptor,
827 1671 1095 1758 philosophicam:
1111 1672 1160 1738 Ibi
1173 1674 1211 1739 de
1223 1695 1350 1740 summo

249 1797 391 1872 numine,
411 1793 449 1858 de
469 1793 601 1858 deorum
618 1800 742 1872 natura,
756 1795 810 1860 sed
822 1797 989 1880 praecipue
1002 1795 1039 1860 de
1052 1795 1260 1860 daemonibus
1272 1799 1350 1882 agit.

249 1916 452 1982 Daemonum
475 1914 626 1980 describit
644 1915 778 1998 ordines,
799 1903 1126 2002 definit'potestatem,
1148 1917 1284 1982 delineat
1308 1919 1351 1982 vi-

249 2043 326 2104 tam.
347 2035 548 2101 Daemonum
566 2057 700 2121 magnas
719 2059 786 2102 esse
805 2040 839 2101 in
851 2039 946 2103 rebus
957 2038 1106 2103 humanis
1118 2044 1223 2124 partes
1235 2038 1350 2104 diserte

250 2160 335 2242 dicit,
356 2181 413 2224 nec
432 2181 495 2224 non
514 2166 546 2224 et
566 2162 685 2245 species
706 2160 894 2245 quandoque
915 2160 1107 2225 daemonum
1120 2160 1270 2226 humanis
1283 2182 1351 2226 sese

250 2280 356 2346 offerre
380 2281 533 2346 sensibus.
558 2279 642 2361 Quin
666 2284 764 2352 etiam
784 2281 1021 2368 Pythagoreos,
1044 2303 1182 2368 quorum
1206 2282 1351 2348 addictus

252 2410 316 2468 erat
344 2402 489 2488 placitis,
520 2401 613 2468 valde
643 2405 755 2467 mirari
785 2404 893 2482 refert,
926 2407 953 2468 si
986 2407 1057 2488 quis
1089 2404 1256 2470 daemones
1288 2405 1349 2468 sibi

250 2545 412 2609 nunquam
435 2545 502 2589 esse
526 2527 612 2590 visos
635 2523 780 2590 affirmet.
794 2525 819 2606 2)
844 2527 948 2610 Atque
972 2526 1031 2590 hac
1054 2525 1295 2612 daemonologia
1318 2532 1350 2590 et

249 2644 486 2732 philosophiam
515 2647 576 2710 viri
607 2647 761 2711 contineri
776 2643 809 2726 3),
834 2646 886 2712 vel
909 2646 982 2712 inde
1006 2651 1093 2732 patet
1117 2646 1200 2732 quod
1224 2647 1351 2733 Augus-

248 2769 346 2846 tinus,
378 2766 551 2852 Apuleium
581 2769 665 2832 inter
695 2767 899 2855 philosophos
926 2769 1011 2834 haud
1034 2768 1185 2833 infimum
1208 2769 1350 2833 obtinere

247 2888 356 2954 locum
374 2895 462 2954 ratus
475 2887 511 2969 4),
533 2888 741 2974 disputationi
758 2889 809 2954 illi
828 2889 866 2954 de
887 2890 943 2956 deo
962 2889 1099 2956 Socratis
1115 2890 1350 2978 redarguendae

249 3009 389 3074 multam
411 3009 464 3076 vel
487 3013 620 3076 navavit
642 3031 769 3095 operam
793 3010 845 3076 vel
867 3011 1006 3096 perdidit
1018 3013 1055 3096 ⁵).
1331 2994 1339 3006 ’

293 3131 437 3216 Denique
460 3134 487 3196 si
511 3131 550 3196 ad
570 3134 772 3196 notissimam
791 3131 883 3196 illam
901 3153 957 3197 nos
978 3135 1136 3197 vertimus
1156 3132 1349 3218 apologiam,

249 3273 330 3338 quae
353 3251 453 3339 vulgo
473 3253 532 3331 ‚,de
551 3253 680 3339 magia'’
701 3258 912 3338 nuncupatur,
934 3253 1044 3318 eadem
1064 3259 1243 3318 occurrunt.
1265 3254 1351 3339 Apu-

248 3374 332 3440 leius
366 3373 441 3439 lieet
470 3375 634 3460 splendide
665 3397 698 3440 se
729 3375 913 3453 defenderit,
943 3374 1019 3440 ltcet
1048 3375 1164 3440 iudicis
1194 3377 1350 3440 sententia

329 3593 483 3653 Me.11,e.

283 3597 311 3740 li
330 3599 434 3725 Detdeo
460 3675 524 3724 Socr.
549 3675 591 3724 202
611 3675 644 3723 At
664 3675 728 3723 eninr
745 3674 919 3740 Pythagoricos
937 3673 1021 3723 mirari
1039 3673 1128 3738 oppido
1146 3673 1241 3734 solitos,
1258 3674 1279 3723 si
1297 3675 1350 3740 quis

250 3777 276 3809 se
304 3765 403 3824 negaret
429 3774 536 3823 unquam
562 3757 650 3806 vidisse
676 3758 826 3816 daemonem,
852 3757 920 3816 satis,
947 3764 974 3805 ut
997 3772 1057 3815 reor,
1082 3755 1183 3805 idoneus
1207 3763 1292 3805 auctor
1315 3764 1352 3806 est

254 3843 407 3892 Aristoteles.

285 3927 308 3987 3)
330 3924 367 3973 cf.
391 3925 501 3983 Sonam,
525 3923 594 3972 Rbm.
617 3921 677 3974 Litt.
698 3927 756 3971 torn.
774 3921 823 3982 ΙΙΙ,
841 3939 864 3986 p.
884 3919 944 3971 Ill:
964 3946 1012 3979 ‚,-
1028 3921 1067 3970 dia
1084 3921 1242 3986 Philosophia
1260 3939 1309 3971 war
1325 3923 1350 3972 in

249 4008 331 4058 seinen
348 4007 374 4068 (i.
393 4024 413 4056 e.
430 4006 557 4071 Apuleius)
575 4007 659 4069 Augen
676 4005 744 4054 ulcht
761 4005 804 4053 das
820 4003 896 4052 Reich
913 4002 1001 4052 lichter
1018 4003 1148 4054 Gedankcn
1166 4031 1199 4042 -
1216 4004 1254 4053 die
1268 4003 1351 4054 Philo-

249 4090 333 4156 sophie
358 4106 407 4138 war
432 4089 483 4137 ihm
507 4089 575 4136 mehr
600 4087 718 4136 Kenntnis
743 4087 785 4135 der
802 4087 965 4150 verborgenen
982 4085 1067 4134 Kriite
1086 4085 1128 4134 der
1145 4085 1224 4134 Natur
1242 4087 1290 4136 und
1308 4087 1351 4136 der

250 4171 426 4222 Gaistarwelt”.

283 4258 308 4318 4)
323 4256 386 4319 Aug.
400 4254 437 4302 De
452 4253 496 4302 civ.
511 4252 564 4310 Dei,
579 4251 648 4310 VIII,
666 4252 704 4300 12.
719 4251 755 4311 „Js
770 4251 857 4316 quibus
872 4253 913 4313 (sc.
929 4249 1070 4311 Platonicis)
1080 4255 1136 4299 sunt
1145 4250 1216 4299 valde
1226 4251 1350 4301 nobilitati

251 4339 345 4398 Graeci,
363 4337 483 4396 Plotinns,
500 4335 658 4394 lamblichus,
674 4335 834 4399 Porphyrius:
852 4335 878 4382 in
895 4339 997 4397 utraque
1013 4339 1094 4381 autem
1112 4329 1204 4398 lingua,
1222 4335 1247 4384 id
1265 4341 1309 4394 est,
1326 4341 1349 4384 et

250 4438 336 4487 graeca
352 4427 376 4469 et
392 4420 478 4477 latina,
497 4418 612 4482 Apuleius
629 4418 687 4466 Ater
704 4417 797 4466 exstitit
813 4415 955 4464 Platonicus
972 4414 1086 4462 nobilis’'.

286 4505 310 4566 b)
326 4503 362 4552 De
380 4502 425 4552 civ.
444 4501 498 4559 Dei,
516 4499 583 4559 VIII,
601 4499 708 4558 14-22,
724 4499 766 4558 IX,
785 4499 808 4558 3,
826 4498 898 4556 6-8,
917 4497 1023 4546 10-13.
