3346 5376
746 456 809 520 149

233 635 271 699 de
300 633 490 702 Christianis
518 636 607 702 loeus
637 639 732 717 (Anu.
756 637 827 715 XV,
852 637 908 718 44)
929 641 1050 703 iustam
1071 644 1182 705 movet
1204 639 1325 704 fraudis

154 768 158 775 '
233 760 460 843 suspicionem
483 761 511 822 si
529 759 582 823 hie
600 761 734 844 integer,
755 759 906 844 epistolae
923 759 998 824 Illae
1015 759 1121 824 Plinio
1140 766 1173 824 et
1191 759 1325 826 'lisiano

229 885 305 944 sunt
328 879 565 944 abiudieundes.

757 1169 802 1242 X.

278 1457 351 1523 Tae.
382 1459 465 1524 Anu.
498 1457 551 1535 VI,
583 1457 643 1523 50:
677 1457 767 1536 „Iam
797 1457 962 1523 Tiberium
992 1481 1116 1545 eorpus,
1134 1463 1206 1525 'ium
1229 1464 1324 1538 vires,

230 1580 371 1646 nondum
394 1579 608 1645 dissimulatio
630 1580 823 1645 deserebst''.

278 1701 364 1788 Lege
394 1703 509 1778 „vires
532 1703 599 1766 iam
622 1701 711 1766 vita'’
735 1721 792 1786 pro
817 1705 962 1786 „eorpus
984 1704 1050 1766 ium
1073 1701 1190 1766 uires’'.

744 2025 809 2100 XI.

276 2304 373 2390 Apul.
404 2303 452 2368 De
484 2303 541 2368 deo
571 2301 657 2367 Socr.
682 2301 744 2366 20:
771 2304 836 2378 „At
859 2305 945 2366 enim
968 2301 1143 2365 seeundum
1167 2301 1328 2388 Pythage

229 2429 312 2491 riuos
346 2427 458 2490 mirari
491 2424 606 2510 oppido
640 2423 759 2507 solitos,
796 2427 824 2488 si
858 2425 930 2508 quis
965 2443 998 2486 ss
1028 2429 1158 2509 negaret
1184 2444 1327 2508 unquam

230 2548 349 2613 vidisse
383 2547 581 2622 daemonem,
613 2549 700 2621 satis,
731 2550 770 2608 ut
799 2566 878 2622 reor,
901 2543 1033 2635 idoneus
1057 2551 1236 2608 auctorest
1259 2546 1328 2608 Ari-

231 2669 392 2736 stoteIes”⁸

277 2790 432 2856 Deleutur
457 2789 685 2868 „secundum”.

735 3067 819 3142 XII.

280 3346 366 3412 'Peru
391 3346 473 3412 Adv.
497 3343 619 3409 Valent.
647 3347 683 3409 1:
709 3338 880 3419 „Ceterum
903 3343 1021 3405 totuin
1040 3340 1147 3426 adytis
1166 3341 1329 3419 diviuitas,

195 3503 197 3506 ·
236 3477 304 3534 totu
336 3471 472 3553 suspirie
494 3477 691 3553 opomerum,
716 3471 823 3528 totum
846 3461 1047 3548 signaculum
1070 3461 1209 3547 linguae,
1234 3465 1329 3526 simu·

232 3592 356 3656 lucrum
378 3590 517 3655 membri
538 3587 643 3653 virilis
666 3585 860 3651 revelatur’'.

279 3711 422 3798 Vestigiu
445 3716 573 3775 secutus
596 3709 625 3774 J.
649 3707 795 3783 PameIii,
815 3708 868 3771 hie
885 3704 1058 3791 legendum
1079 3707 1221 3790 suspicor
1241 3711 1330 3781 „tota

234 3837 350 3920 siparia
371 3832 557 3919 portarum’
581 3853 638 3916 pro
662 3836 751 3908 „tota
772 3831 908 3914 suspiria
930 3799 1149 3912 epoptaffim'ss

729 4139 832 4212 XIII.
970 4195 972 4199 ,

284 4419 377 4484 Hom.
401 4418 429 4483 II
452 4418 499 4482 IX
524 4441 554 4482 v.
582 4415 774 4481 188=290
797 4414 949 4478 deleatur.
