3346 5376
854 725 897 800 V.

369 955 416 1021 De
441 956 568 1021 Lucano
593 961 686 1040 poeta
703 955 859 1020 iudicium
880 953 957 1018 tulit
974 955 1216 1038 iniquissimum
1237 952 1274 1016 D.
1296 952 1420 1017 leaan

322 1080 355 1140 in
388 1055 532 1153 „Studes
557 1076 594 1140 de
617 1097 742 1140 moeurs
766 1081 798 1139 et
821 1075 859 1139 de
882 1077 1016 1159 critique
1039 1096 1095 1140 sur
1118 1074 1164 1140 les
1189 1075 1296 1159 poetes
1320 1072 1416 1138 latins

323 1197 360 1262 de
388 1197 420 1262 la
449 1196 629 1278 decadenca
655 1195 812 1262 v01.11”.

833 1459 894 1534 Vl.

367 1703 513 1768 Lucanus
548 1705 659 1768 Phars
695 1704 736 1781 X,
773 1702 909 1768 20-46
944 1701 980 1782 Q.
1017 1699 1118 1768 Ourtir'
1151 1700 1223 1767 Rufi
1250 1702 1417 1766 historiam

324 1821 496 1887 Alexandri
523 1825 640 1908 Magni,
665 1843 762 1908 quem
785 1823 882 1907 prebe
902 1827 1010 1887 notam
1031 1821 1153 1898 habuit,
1177 1823 1371 1906 perstrinxit.

830 2071 910 2146 VII.

366 2317 462 2382 Recte
483 2339 513 2381 v.
536 2316 574 2381 cl.
599 2316 831 2381 Fernnninnne
849 2319 883 2379 in
906 2315 967 2380 fine
991 2318 1139 2402 egregiae
1160 2315 1197 2380 de
1216 2313 1333 2381 Seneca
1351 2315 1420 2400 phi-

322 2438 452 2524 losopho
472 2439 707 2524 disputationis,
731 2438 929 2503 Historische
952 2435 1143 2534 Zeitschrift,
1167 2444 1246 2501 tem.
1267 2436 1417 2501 LXXXV

325 2559 412 2624 1900
432 2583 462 2644 p.
477 2559 553 2637 249,
575 2561 738 2624 observat:
763 2559 862 2642 „Dass
882 2559 998 2623 Seneca
1019 2561 1068 2606 -“
1081 2579 1143 2622 von
1163 2557 1291 2622 keinem
1309 2559 1418 2623 Aufer-

323 2681 493 2746 standenen
528 2687 672 2766 gewusst
702 2680 768 2758 het,
801 2683 888 2766 zeigt
919 2679 1013 2744 allein
1043 2680 1149 2756 sehon,
1181 2679 1252 2744 dass
1282 2701 1316 2744 er
1343 2701 1419 2745 vom

319 2799 544 2874 ,Christentum
566 2823 647 2888 ganz
672 2802 852 2867 unberiihrt
874 2798 1041 2887 gehlieben
1063 2801 1139 2865 ist'’.
1222 2880 1227 2889 ¹

822 3064 921 3140 VIII.

368 3309 477 3374 Minus
508 3316 592 3374 recte
615 3312 667 3376 vir
690 3312 724 3372 in
749 3310 882 3375 historia
906 3309 1126 3374 conscribenda
1149 3309 1240 3375 facile
1263 3314 1420 3398 princeps,

323 3429 360 3494 L.
389 3448 452 3494 vor
475 3430 603 3508 Rernn,
628 3431 665 3495 de
692 3430 802 3495 Tacite
826 3431 903 3495 haec
926 3431 1116 3512 observavit,
1140 3431 1420 3518 Weltgeschichte,

323 3563 399 3614 tom.
432 3550 478 3615 III
506 3552 579 3616 fasc.
605 3551 625 3616 2
650 3574 680 3637 p.
706 3549 793 3618 317:
819 3551 954 3630 „Allem,
979 3573 1042 3617 was
1063 3574 1097 3617 er
1120 3552 1248 3630 erziihlt,
1273 3555 1364 3639 giebt
1387 3576 1421 3620 er

323 3670 422 3736 durch
446 3675 552 3768 seinen
575 3673 699 3759 Begriff
714 3695 777 3738 ven
797 3671 931 3759 Tugend
951 3674 1016 3738 und
1035 3674 1128 3752 Ehre,
1150 3674 1204 3738 der
1222 3675 1292 3740 ihm
1303 3678 1420 3740 immer

322 3793 529 3870 vorschwebt,
555 3797 645 3859 einen
669 3797 825 3881 gewissen
847 3793 1040 3880 Schwung''.

843 4040 907 4114 rx.
1017 4131 1019 4138 ¹

367 4265 401 4334 O.
427 4268 528 4332 Plinii
555 4265 684 4334 Caecilii
704 4266 840 4331 Secundi
860 4274 892 4332 et
911 4267 1040 4334 Traiani
1060 4271 1210 4356 epistolae
1229 4272 1267 4338 de
1287 4270 1420 4339 Christi-

321 4393 388 4454 anis
414 4389 512 4468 (Prin.
538 4390 594 4474 Ep.
622 4389 663 4467 X,
689 4389 730 4454 96
753 4394 820 4454 sive
842 4389 883 4456 97
905 4398 965 4475 sq.)
987 4395 1013 4455 si
1035 4396 1192 4478 genuinae
1214 4400 1298 4473 sunt,
1318 4393 1421 4460 Taciti
