3404 5368
888 491 930 558 36

360 675 436 761 quo
468 677 643 760 quisque
673 676 809 761 possit
838 676 1010 739 initiari
1041 674 1138 739 deae
1165 679 1271 738 nutu
1294 675 1454 741 domon-

359 797 488 863 strari
505 803 543 861 et
564 795 816 862 sacerdotem
836 797 906 880 qui
924 815 1042 860 saera
1059 795 1208 861 debeat
1228 797 1454 862 ministrare

360 918 543 983 eiusdem
584 905 856 1006 providentia
895 915 1047 1004 deligi,
1093 921 1287 1002 sumptus
1326 920 1453 984 etiam

359 1041 624 1106 caerimoniis
657 1041 918 1104 neoessarios
949 1038 1087 1104 simili
1118 1045 1343 1126 praesepto
1375 1039 1455 1106 des-

358 1161 514 1227 tinari'’
531 1160 566 1242 l).

401 1281 490 1348 Haeo
513 1288 581 1346 tam
607 1283 772 1368 perspicua
790 1287 876 1358 sunt,
895 1280 1049 1359 utnulla,
1071 1283 1192 1367 opinor,
1215 1287 1331 1367 egeant
1350 1280 1453 1366 expla-

358 1406 494 1470 natione.
526 1403 592 1468 Neo
624 1410 731 1468 tamen
757 1403 812 1466 abs
835 1423 869 1466 re
892 1404 963 1479 erit,
988 1402 1179 1467 Pausaniam
1203 1401 1332 1468 laudare
1356 1406 1453 1489 perie-

358 1531 476 1611 getem,
511 1546 614 1589 unum
646 1525 794 1610 idemque
829 1515 867 1589 de
906 1526 1003 1589 saeris
1037 1523 1145 1589 Isiaeis
1180 1523 1264 1610 quod
1298 1523 1452 1610 Apuleius

357 1654 536 1713 testantem.
565 1645 688 1733 Quippe
710 1645 765 1711 lib.
791 1645 823 1710 X
846 1661 908 1731 opt.
932 1644 1071 1724 XXXII,
1093 1647 1114 1730 ἓ
1136 1644 1177 1710 13
1202 1645 1308 1710 Desor.
1333 1643 1396 1712 Gr:
1414 1645 1451 1710 de

353 1765 447 1834 leidis
470 1768 545 1834 aedo
568 1769 780 1855 quadraginta
803 1769 868 1834 fere
890 1767 993 1833 stadia
1015 1769 1054 1832 ab
1079 1768 1194 1854 oppido
1218 1766 1368 1834 Tithorea
1390 1771 1452 1833 sita

356 1891 432 1956 haee
451 1892 563 1957 refert:
581 1928 645 1970 „-
659 1890 768 1957 ἄδυτον
784 1891 858 1972 ἱερὸν
866 1889 988 1968 Ἴσιδος,
1002 1890 1177 1969 οὶγιῶπαπον
1189 1891 1288 1956 ὁπόσα
1299 1889 1451 1964 Ἕλλανες

356 2014 409 2092 θεῷ
433 2023 472 2093 πῇ
498 2014 660 2097 Αἰγυπτία
685 2014 883 2088 πεποίηνται·
909 2010 1065 2093 οὔτεγὰρ
1093 2020 1251 2093 περιοικεῖν
1272 2013 1404 2078 ἐνταῦθα
1425 2014 1450 2078 oi

356 2136 488 2214 Τιθορεῖο
519 2133 684 2216 νομίζουσιν
715 2133 785 2199 οὔτε
815 2132 926 2205 εἴσοδος
957 2134 1000 2206 εἰς
1021 2134 1064 2214 πὸ
1096 2129 1205 2199 ἄδυτον
1237 2131 1346 2206 ἄλλοις
1369 2134 1448 2213 γεῆ

356 2255 473 2329 ἐκείνοις
496 2257 576 2320 ἐστὶν
599 2252 647 2329 οὓς
672 2255 710 2320 ἂν
734 2256 812 2328 αὑτὴ
839 2254 1057 2333 προτιμήσασα
1079 2249 1191 2330 ἧἿσις
1213 2254 1328 2337 καλέσῃ
1350 2259 1449 2336 (σφοῖς

355 2375 452 2459 deit)
472 2376 510 2441 δι’
530 2377 704 2442 ἐννπνίων”.
728 2377 839 2441 Minus
859 2398 935 2463 ergo
956 2382 1101 2442 accurate
1117 2377 1246 2442 Arnon
1257 2376 1284 2458 ²)
1297 2413 1340 2425 -
1352 2398 1450 2443 unam

274 2501 276 2505 ’
353 2497 473 2562 seilicet
495 2499 690 2584 eandemque
712 2497 861 2562 initiandi
880 2498 977 2563 fuisse
996 2501 1154 2564 rationem
1172 2501 1206 2564 in
1225 2498 1335 2564 Isiaeis
1354 2505 1449 2586 atque

351 2621 385 2682 in
416 2618 587 2684 Eleusiniis
618 2622 782 2706 mysteriis
814 2640 913 2704 usque
944 2619 1132 2684 contendens
1165 2657 1206 2668 -
1238 2620 1391 2705 quasdam
1413 2623 1448 2686 in

350 2739 459 2805 Isiaois
481 2743 583 2805 initiis
606 2749 638 2806 et
661 2743 861 2806 somniorum
885 2741 982 2804 fuisse
1006 2746 1111 2826 partes
1134 2741 1292 2806 coneedit:
1318 2745 1397 2819 „wie
1413 2747 1447 2830 ja

351 2862 432 2926 auoh
464 2862 512 2926 bei
544 2861 603 2925 den
634 2861 883 2948 Isis-Mysterien
905 2860 1044 2926 Trtume
1072 2864 1142 2926 eine
1165 2861 1255 2926 Rolle
1279 2860 1445 2948 spielten''.

350 2983 419 3048 Ηοο
450 2987 568 3070 agitur,
596 2985 655 3049 hoo
678 2985 794 3049 diserte
819 2983 1050 3049 enuntiandum
1074 2987 1131 3061 est,
1153 2987 1317 3050 nominem
1339 2985 1379 3050 ad
1401 2987 1447 3048 in·

349 3107 429 3170 tima
452 3105 624 3192 penetralia
648 3112 742 3192 atque
766 3106 806 3171 ad
829 3127 957 3172 areanae
981 3108 1186 3172 caerimonias
1210 3106 1308 3172 fuisse
1332 3107 1446 3172 admis-

350 3249 434 3306 sum,
459 3230 521 3292 nisi
544 3249 639 3313 quem
665 3228 722 3294 dea
745 3227 805 3293 Isis
824 3231 894 3314 ipsa
913 3251 968 3316 per
987 3231 1149 3294 somnium
1168 3250 1235 3294 sese
1254 3231 1284 3294 ei
1304 3228 1444 3306 offerens,

351 3348 391 3414 ad
413 3370 579 3414 summum
601 3351 685 3416 huno
710 3351 895 3415 destinasset
914 3351 1077 3416 honorem.

395 3471 503 3558 Longe
522 3471 584 3536 alia
604 3471 843 3538 Eleusiniorum
863 3475 1095 3560 mysteriorum
1113 3478 1180 3537 erat
1199 3475 1292 3551 ratio,
1311 3471 1442 3558 adquae

349 3593 493 3679 quilibet,
525 3594 698 3660 dummodo
730 3602 812 3660 esset
835 3602 944 3676 χεῖρας
970 3595 1097 3673 καθαρὸς
1122 3593 1172 3657 καὶ
1197 3595 1296 3671 Quoia
1321 3593 1442 3666 σννεπὸς

348 3715 570 3780 admitteretur
583 3715 619 3797 ³),
656 3717 833 3803 quibusque
865 3719 959 3782 oertis
990 3719 1064 3781 anni
1095 3716 1205 3780 diebus
1235 3715 1289 3781 vel
1319 3718 1442 3781 oenteni

349 3857 411 3902 una
433 3839 645 3903 initiarentur.

392 3956 455 4023 Sed
465 3958 504 4023 ad
516 3963 730 4026 narrationem
742 3961 907 4026 redeamus
920 3982 1094 4045 rursusque
1106 3961 1244 4025 Luoium
1256 3961 1439 4026 audiamus:

382 4077 480 4177 ¹„Neo
507 4101 559 4145 me
587 4080 702 4146 fefellit
725 4081 777 4148 vel
801 4081 891 4168 longi
915 4084 1067 4168 temporis
1091 4081 1266 4168 prolatione
1288 4085 1442 4149 oruoiavit

355 4247 525 4259 ——..-

381 4325 405 4386 1)
423 4324 482 4374 Met.
501 4325 544 4384 XI,
561 4325 601 4374 21.
735 4327 759 4389 2)
777 4327 805 4376 G.
823 4329 933 4386 Alimon,
951 4325 1002 4375 Das
1020 4325 1103 4375 antike
1121 4325 1339 4391 Mystenienueson,
1356 4344 1380 4393 p.
1400 4328 1440 4377 4⁶.

379 4408 403 4468 3)
427 4406 511 4456 Celsus
535 4425 573 4472 ap.
597 4409 663 4473 Orig.
688 4409 714 4458 C.
738 4409 801 4459 Cels.
824 4409 874 4467 ΙΙΙ,
900 4411 938 4459 59.
961 4409 1032 4457 Hune
1052 4409 1140 4468 looum,
1159 4409 1268 4476 aliosque
1286 4412 1439 4475 antiquorum

346 4491 492 4554 scriptorum
510 4491 575 4539 locos
594 4492 640 4540 huo
657 4492 811 4556 pertinentes,
829 4493 926 4542 exhibet
942 4492 1052 4550 Losseu,
1072 4492 1127 4554 Agl.
1144 4509 1167 4556 p.
1187 4493 1226 4542 15.
