3346 5376
825 471 828 480 Α
894 520 959 586 100

375 713 419 794 (p.
453 706 495 772 65
527 727 583 792 sq„
614 705 654 771 cf.
684 709 716 771 et
738 728 769 791 p.
796 701 870 785 75),
886 703 1101 783 laudavimus,
1126 701 1307 768 luculenter
1328 711 1469 791 apparet,

377 828 481 895 multa
503 827 625 894 inillis
648 828 848 894 caerimoniis
871 847 908 892 eo
931 824 1062 891 consilio
1085 846 1152 891 esse
1175 825 1267 903 facta,
1291 830 1329 890 ut
1350 827 1469 891 initiat'

378 971 475 1036 quam
502 951 783 1016 vehementissime
814 951 1092 1015 commoverentur
1123 949 1247 1023 animo,
1279 947 1472 1032 sibiquemet

377 1073 457 1157 ipsis
491 1070 583 1137 velut
618 1073 770 1157 exempti,
802 1075 886 1135 totos
918 1091 950 1134 se
981 1071 1015 1133 in
1044 1069 1139 1134 rebus
1170 1067 1288 1134 divinis
1319 1075 1474 1155 ponerent

378 1193 638 1278 contemplandis,
663 1190 766 1258 Procl.
787 1194 821 1256 in
841 1191 953 1278 Remp.
974 1213 1005 1277 p.
1028 1188 1069 1254 14
1089 1188 1148 1254 ud.
1167 1189 1247 1254 Pitr.
1268 1188 1351 1269 (τσὺς
1371 1204 1476 1254 reuco·
1527 1249 1531 1256 .

381 1313 501 1396 μένους)
525 1315 640 1379 ἑωυτῶν
665 1313 839 1385 ἐκστιὶντιις
862 1295 947 1381 ὅλους
972 1312 1135 1392 ἐνιδρῦσθιιι
1160 1319 1222 1383 τοῖς
1248 1313 1334 1383 θεοῖς.

425 1435 497 1502 Non
527 1435 637 1501 eadem
667 1456 793 1522 semper
815 1439 883 1500 erat
907 1432 1079 1506 inardesce
1103 1433 1215 1498 forma.
1250 1431 1283 1497 Si
1306 1432 1475 1498 Abammo·

380 1579 455 1624 nem
486 1557 645 1635 audimus,
678 1559 735 1643 qui
764 1557 856 1622 hasce
879 1557 979 1620 animi
1002 1555 1267 1641 perturbationes,
1291 1554 1473 1622 cuiusmodi

380 1679 510 1757 fuerint,
534 1679 631 1764 probe
654 1683 745 1744 notas
768 1679 881 1744 habuit
895 1676 931 1758 1),
955 1677 1036 1742 duae
1060 1676 1233 1748 ἐκστάσεως
1254 1678 1372 1763 species
1391 1679 1477 1742 inter

381 1823 414 1867 se
438 1800 683 1888 distinguendae
706 1805 791 1879 sunt,
816 1799 873 1878 ΠΙ,
897 1797 940 1865 25
966 1820 1008 1864 sc.
1032 1799 1171 1878 turbida,
1194 1799 1323 1878 furiosa,
1347 1799 1478 1864 instabi-

382 1921 433 2000 lis,
470 1927 502 1989 et
536 1922 652 1999 sedata,
688 1921 823 2008 placida,
859 1918 1020 2000 ἄτρεπτος,
1052 1941 1149 2006 quam
1178 1941 1212 1986 re
1243 1940 1318 1986 vera
1349 1941 1478 1986 vocares

383 2044 607 2123 ἐνθουσιασμόν,
630 2045 674 2110 ib.
700 2041 730 2122 7,
755 2043 786 2109 9.
821 2041 858 2109 ln
880 2041 937 2108 illa
958 2043 1103 2108 homines
1126 2047 1233 2108 mente
1252 2042 1345 2129 plane
1365 2044 1479 2110 abalie

382 2172 473 2236 natos
495 2167 794 2233 vehementissimos
817 2168 956 2252 corporis
980 2165 1052 2231 dare
1076 2171 1192 2244 motus,
1216 2166 1261 2230 ib.
1283 2165 1345 2245 25;
1365 2168 1400 2230 in
1417 2167 1477 2232 hac

384 2293 492 2356 contra
526 2289 580 2357 rel
609 2291 727 2355 mentis
758 2294 923 2375 compotes·
950 2308 1018 2353 esse
1048 2286 1141 2373 plane
1175 2287 1424 2374 expergefactos,
1461 2295 1479 2367 ι)

385 2414 541 2492 τκντεκὴς
572 2411 761 2490 ἐγρήγορσις,
793 2411 837 2476 ib.
862 2409 893 2486 2,
917 2408 971 2475 vel
992 2411 1076 2474 inter
1098 2414 1247 2475 somnur'n
1270 2431 1306 2475 ac
1330 2409 1480 2500 vigiliam

383 2537 512 2612 versari,
540 2536 562 2610 ’ἡ
595 2532 716 2612 μεταξὺ
741 2537 794 2598 τοῦ
820 2529 912 2597 ὕπνων
937 2556 972 2596 τε
996 2531 1047 2595 καὶ
1073 2538 1127 2604 τῆς
1152 2530 1357 2611 ἐγρηγόρσεως
1381 2532 1481 2598 κιττοὶ-

384 2673 494 2727 στιισις
524 2655 546 2719 l.
573 2649 600 2723 l.
632 2654 685 2721 vel
714 2659 838 2740 torpore
868 2651 1006 2738 quodam
1038 2653 1213 2738 constringi
1245 2672 1355 2718 somno
1381 2675 1477 2740 quam

384 2774 563 2852 simillimo,
597 2777 614 2850 ι)
645 2775 725 2855 κιὶρω
757 2775 929 2854 προσφερὴς
960 2771 1191 2858 κιισιὶλνψις’),
1217 2772 1295 2838 ·1.1.
1327 2773 1421 2840 Illius
1445 2778 1479 2840 in

385 2895 625 2983 Corybantiacis
656 2895 881 2980 Bacchieisque
912 2894 1011 2979 orgiis
1024 2889 1059 2974 ³),
1083 2891 1180 2957 huius
1202 2895 1237 2957 in
1260 2894 1420 2982 theurgia,
1445 2899 1479 2961 in

385 3018 581 3084 divinatione
610 3020 708 3103 inque
733 3009 940 3082 incubatione
971 3036 1107 3102 magnae
1128 3023 1218 3080 erant
1241 3021 1356 3101 partes.
1394 3017 1480 3098 Quin

386 3146 418 3206 et
459 3137 635 3206 Christiani
675 3136 819 3205 ἓκστιισιν
858 3135 1018 3217 ἄτρεστον·
1043 3158 1201 3224 magnum
1235 3136 1286 3202 dei
1320 3140 1480 3204 vocabunt

387 3261 533 3343 χάρισμω
546 3259 583 3342 ⁴).
619 3261 671 3327 Sic
695 3263 781 3327 enim
805 3260 913 3326 divina
936 3258 1125 3326 mortalibus
1148 3259 1290 3347 patefieri
1313 3264 1478 3349 mysteria,

387 3385 433 3449 sic
451 3389 484 3450 et
501 3384 577 3448 huic
597 3385 683 3450 ritae
695 3382 789 3448 utilia
800 3382 955 3448 divinitus
967 3380 1035 3447 dari
1046 3380 1184 3458 consilia,
1199 3385 1480 3467 persuasissimum

319 3584 321 3588 ¹
386 3511 453 3571 erat
472 3510 505 3570 et
521 3507 610 3590 ipsis.
630 3505 689 3591 Ep.
710 3504 800 3570 Paul.
814 3504 854 3570 ad
866 3502 937 3571 Oor.
950 3503 991 3583 ΙΙ,
1007 3503 1059 3582 12,
1074 3503 1177 3569 2-4:
1195 3500 1278 3571 olan
1293 3503 1480 3588 tropaeam)

422 3765 444 3826 1)
463 3764 499 3815 cf.
517 3764 710 3823 Krssnwnrrnn,
727 3762 776 3812 Der
793 3762 887 3812 Occult.
906 3761 946 3811 dee
963 3761 1014 3811 Alt.
1030 3766 1089 3812 torn.
1107 3759 1141 3822 II,
1159 3779 1183 3828 p.
1201 3763 1340 3815 sol-sou.

420 3847 448 3912 2)
466 3845 520 3897 Vet.
537 3847 603 3896 'lest
620 3846 704 3899 Genus.
721 3844 756 3906 II,
773 3845 804 3896 al
823 3861 908 3910 gruem
924 3844 992 3894 iuxta
1009 3844 1163 3909 septuaginta
1179 3845 1321 3912 interpretes
1336 3847 1371 3898 sic
1385 3863 1481 3899 versum

387 3935 436 3979 est:
460 3928 508 3978 Kal
531 3927 654 3992 ἐσέβαλεν
677 3928 769 3986 δΘιως
785 3926 908 3977 ’ἔκστασιν
926 3925 967 3975 ἐπὶ
984 3925 1027 3975 τὸν
1046 3923 1137 3988 Ἀδάμ,
1155 3927 1198 3976 καὶ
1214 3928 1317 3980 ὕπνωσε.
1343 3957 1376 3971 -
1401 3932 1439 3982 cf.
1456 3938 1482 3982 et

388 4012 531 4077 Hesychius,
557 4013 598 4078 qui
624 4013 649 4062 in
673 4011 790 4076 glossario
814 4008 936 4059 lucrarer
962 4024 1010 4058 non
1035 4008 1114 4058 selum
1139 4011 1215 4072 φόβον
1240 4013 1281 4062 scd
1308 4014 1382 4065 etism
1407 4013 1481 4064 ν’πνσν

387 4094 568 4160 interpretatur.

422 4175 446 4237 3)
462 4175 499 4226 Cf.
517 4193 579 4241 quae
597 4180 608 4239 ς
628 4177 658 4226 14
675 4193 699 4241 p.
718 4177 749 4225 68
767 4191 818 4240 sqq.
837 4173 1000 4240 exposuimus.

421 4260 446 4320 4)
462 4259 498 4308 De
513 4255 634 4308 ἐκστάσει
652 4260 718 4323 apud
734 4257 885 4307 Christianos
902 4257 972 4305 docte
990 4255 1160 4321 eleganterque
1174 4256 1308 4323 disputavit
1323 4261 1481 4322 H.Wn1rur1.,

387 4339 434 4389 Die
456 4339 603 4405 Wirkungen
626 4343 667 4391 des
691 4341 784 4392 Geistes
806 4341 856 4390 und
879 4340 921 4389 der
945 4338 1038 4389 Geister
1055 4339 1089 4388 im
1107 4341 1349 4406 nachepostolienhen
1366 4345 1483 4395 Zeitnlter

387 4423 425 4472 bie
442 4425 487 4473 auf
502 4424 623 4475 Irenuene.

423 4506 446 4567 b)
463 4505 622 4571 semetipsum
639 4506 679 4556 hic
696 4512 804 4572 spectare
822 4506 927 4556 Paulum
943 4522 956 4556 e
974 4510 1087 4556 contextu
1103 4511 1178 4570 petet.
