3346 5376
755 1597 1019 1664 EPIMETRUM
1041 1597 1097 1663 ΙΙΙ.

691 1808 734 1875 au
758 1813 780 1898 y
802 1809 841 1875 ar
863 1829 898 1893 p.
923 1808 982 1875 raa
1004 1809 1084 1892 aun,
1108 1808 1156 1898 ι).
1182 1828 1184 1834 ·

420 2024 635 2110 Aegyptiacos
669 2042 783 2108 magos
812 2021 865 2087 vel
896 2021 1104 2109 vigilantium
1134 2043 1244 2087 sensus
1275 2025 1319 2087 sic
1351 2022 1474 2088 afficere

374 2147 525 2229 potuisse,
561 2151 598 2209 ut
631 2166 668 2209 ea
698 2165 732 2237 se
764 2144 872 2210 videre
902 2144 1076 2220 crederent,
1110 2165 1190 2230 quae
1221 2166 1254 2210 ra
1285 2165 1361 2209 vera
1384 2142 1474 2209 nulla

375 2271 488 2348 essent,
512 2265 596 2352 apud
620 2269 765 2352 antiquos
788 2266 873 2331 fama
892 2266 1022 2332 ferebat.
1043 2261 1170 2331 Heliod.
1193 2265 1286 2330 Aeth.
1307 2263 1367 2344 III,
1391 2264 1431 2330 16
1449 2265 1473 2345 ¹)

376 2388 392 2462 οἱ
417 2388 546 2464 γοητεία
569 2387 692 2474 perficit
715 2389 894 2468 Φανταοίας
920 2394 978 2452 τῶν
1001 2390 1046 2465 μὶν
1066 2385 1154 2452 ὄντοιν
1177 2387 1212 2460 ὡς
1234 2386 1334 2452 ὄντων.
1359 2387 1473 2468 Quaes-

373 2512 501 2576 tionum
524 2509 563 2575 ad
586 2509 785 2575 Orthodoxos
809 2513 955 2595 scriptor,
979 2513 1124 2596 quisquis
1149 2510 1219 2588 fuit,
1246 2510 1471 2576 -Iustinum

374 2631 555 2718 Martyrem
583 2639 666 2696 certe
689 2652 764 2696 eum
788 2653 850 2696 non
873 2631 970 2696 fuisse
994 2635 1070 2696 satis
1095 2637 1283 2697 constat-
1307 2629 1471 2709 miracula,

375 2773 454 2838 quae
478 2754 669 2839 Aegyptiaci
693 2752 783 2830 σοφοί
805 2752 931 2838 Moysis
955 2773 991 2817 ac
1015 2755 1147 2818 Aaronis
1168 2759 1360 2839 opponerent
1379 2755 1474 2818 mira-

374 2872 454 2938 culis
467 2871 503 2955 ²),
529 2872 567 2938 cd
591 2871 746 2938 eiusmodi
766 2875 954 2959 praestigias
974 2873 1079 2952 refert,
1103 2873 1162 2954 Qu.
1187 2874 1247 2939 26:
1273 2875 1325 2939 xci
1350 2875 1392 2938 rat
1416 2875 1473 2952 μὲν

375 2993 432 3060 ὑπὸ
463 2995 596 3066 Meteone
627 2994 780 3074 γενόμενα
814 2995 975 3074 θαύματα,
1007 2993 1065 3062 οἵτε
1090 2997 1172 3061 κατὰ
1198 2999 1251 3070 τὴν
1276 2997 1358 3061 θείαν
1381 3021 1474 3074 γεγε-

374 3116 490 3192 νημένα
527 3114 686 3195 ἐνέργειαν
722 3117 807 3182 κατὰ
841 3116 1022 3202 μεταβολὴν
1058 3118 1225 3195 γεγένηται
1263 3120 1383 3196 Φύσεως
1418 3122 1473 3182 τοῦ

374 3237 568 3317 προκειμένου
599 3240 641 3311 εἷς
673 3241 727 3316 τὴν
760 3240 854 3320 Φύσιν
876 3244 929 3304 τοῦ
954 3240 1187 3315 ἐκτελουροέυου·
1211 3241 1253 3305 τοὶ
1278 3241 1309 3305 δὲ
1333 3240 1390 3304 ὑπὸ
1414 3247 1472 3306 τῶν

375 3360 520 3437 ἐτανιδῶν
550 3360 703 3439 γενόμενα
731 3362 816 3428 κατα
840 3365 894 3436 τὴν
918 3361 1070 3440 ἐνέργειαν
1095 3361 1215 3439 ἐγένετο
1240 3360 1387 3438 δαιμόνων
1412 3364 1486 3428 τῶν·

374 3483 624 3564 φανταταμὲνυν
656 3485 715 3556 τοὶς
746 3483 832 3563 ὄψοις
863 3491 921 3549 τῶν
952 3485 1080 3564 δρώντων
1104 3483 1155 3548 τὸν
1178 3485 1222 3560 μὴ
1246 3482 1315 3564 ὅφιν
1338 3484 1407 3562 ὂρῖον
1431 3486 1468 3557 ὥς

373 3602 443 3683 ton
475 3605 526 3669 καὶ
557 3604 591 3669 τὸ
623 3608 666 3683 μὴ
698 3601 779 3683 αἷμα
812 3609 849 3678 ὡς
882 3600 964 3683 αἷμα
988 3606 1039 3672 καὶ
1063 3605 1131 3678 τοὺς
1157 3607 1200 3683 μὴ
1225 3605 1406 3687 βατράχους
1431 3607 1470 3677 ὥς

373 3726 566 3808 βατράχους.
607 3727 771 3808 Quomodo
812 3734 921 3794 autam
956 3728 1122 3794 daemones
1155 3727 1362 3814 diabolusque
1392 3728 1472 3793 falsa

373 3849 450 3914 haec
481 3849 617 3944 efficiant
649 3849 813 3929 miracula,
846 3847 1027 3938 Cyprianus
1057 3870 1173 3935 magus
1202 3851 1236 3912 in
1260 3847 1472 3928 Confessione,

373 3992 470 4056 quam
497 3970 569 4056 §15
593 3994 624 4058 p.
650 3971 693 4037 88
718 3994 763 4058 sq.
788 3971 969 4050 attulimus,
994 3972 1067 4036 data
1091 3991 1186 4056 opera
1209 3974 1347 4056 exponit,
1371 3973 1413 4035 ib.
1436 3970 1473 4038 5:

374 4093 424 4158 καὶ
461 4094 525 4175 γαρ
562 4094 591 4158 ἐν
623 4098 717 4160 πᾶσιν
749 4094 869 4176 ἄστροις
904 4094 955 4158 καὶ
989 4095 1017 4158 ἐν
1048 4101 1168 4174 Φυτοῒς,
1203 4092 1254 4158 καὶ
1280 4095 1309 4158 ἐν
1332 4101 1394 4165 τοῖς
1417 4100 1472 4160 τοῦ

407 4429 431 4490 1)
448 4427 524 4476 Plura
541 4444 568 4477 ox
583 4427 629 4476 hac
646 4425 799 4491 paragrapho
818 4425 945 4474 attulimus
963 4426 1014 4488 §15
1032 4440 1056 4489 p,
1074 4425 1106 4473 84
1123 4424 1179 4474 edu.
1197 4426 1229 4486 1).

405 4510 429 4572 2)
445 4510 522 4559 Erod.
540 4508 555 4562 7
573 4525 608 4575 sq.
626 4509 662 4560 Of.
681 4515 705 4559 at
722 4508 762 4557 hic
780 4508 871 4568 Saone,
886 4508 958 4573 sugg.
976 4524 999 4556 u.
1017 4506 1097 4572 Hypo.
1116 4506 1172 4558 271.
