3346 5376
890 527 988 596 92·

361 713 436 777 arr’
461 748 503 764 -n
527 712 579 776 ἐντί
601 737 636 777 τε
660 712 745 790 γένος
771 711 925 790 δυνάμεων
950 714 980 776 ἐν
1004 714 1045 792 τῷ
1070 711 1173 792 κόσμῳ
1198 718 1346 792 μεριστῶν
1372 711 1456 794 άκρι-

361 859 412 900 τον
443 834 609 912 άλάγιστον
622 832 648 916 1)
679 831 692 898 ὃ
726 833 854 914 δέχεται
878 833 935 911 μέν
959 835 1015 897 άτ·
1039 833 1138 899 ἄλλον
1161 832 1254 911 λόγον
1278 836 1329 899 nai
1355 859 1456 899 κοιτοι-

362 955 459 1036 κουέι,
495 957 590 1041 οῖκεῖρι
626 955 656 1021 δὲ
692 953 807 1022 συνέσει
844 953 913 1020 οὔτε
947 964 1063 1035 χρῆτιιι
1095 953 1164 1020 οὔτε
1197 956 1230 1020 τδ
1263 956 1374 1030 santis
1405 956 1456 1020 κοιῖ

362 1076 471 1156 ψεῦδος
505 1076 522 1153 ἢ
549 1077 676 1143 δυνοιτδν
700 1077 717 1152 ἢ
743 1076 891 1142 άδάνωτον
917 1076 1068 1156 διοικρῖνει.
1094 1078 1129 1142 τδ
1153 1076 1183 1141 δὲ
1208 1082 1322 1142 τοιοῦτο
1347 1078 1456 1158 άάράωο

363 1199 639 1277 ἕτωνωτεινομέυων
671 1205 729 1292 τῶν
761 1200 895 1264 άσειλῶν
927 1207 1118 1278 συγκινεῖται
1152 1199 1202 1264 κω)
1235 1201 1457 1275 ἐκπλήττεται.

362 1321 447 1387 Tum
481 1341 615 1408 magum
651 1343 836 1388 areanorum
872 1325 1055 1410 cognitione
1086 1343 1247 1387 sacrorum
1279 1322 1330 1387 dei
1357 1324 1458 1386 instar

362 1443 570 1509 daemonibus
600 1446 793 1529 imperitare,
826 1442 879 1521 vl,
913 1443 951 1508 6:
976 1444 989 1507 i
1014 1443 1151 1524 δεουργδι
1178 1443 1227 1508 διά
1251 1444 1305 1518 τὴν
1328 1443 1457 1520 δύνομιν

362 1571 420 1630 τῶν
452 1565 623 1646 άτορράτων
654 1565 753 1658 οὐκέτι
785 1567 823 1639 ὥς
849 1563 999 1645 άνάρωτις
1024 1565 1086 1630 οὐδ’
1109 1569 1147 1637 ὥς
1173 1564 1341 1647 άνδρωτῖνρ
1365 1571 1456 1648 ψυχῇ
1519 1650 1523 1658 ¹

361 1688 514 1767 χρώμενος
549 1685 709 1752 ἔτιτάττει
743 1695 805 1760 τοῖς
838 1695 1004 1764 κοσμικοῖς,
1029 1687 1103 1750 άλλ’
1127 1687 1163 1758 ὡς
1190 1687 1219 1750 ἕν
1243 1696 1281 1766 τῇ
1306 1689 1363 1750 τῶν
1387 1689 1458 1750 θεῶν

361 1806 449 1885 τάξει
478 1797 685 1888 τροΰτάρχων
716 1807 834 1889 μείζοσι
865 1816 919 1883 τῆς
946 1808 1013 1871 καθ’
1040 1806 1146 1872 ἕωντδν
1170 1808 1275 1876 οὐσίτις
1300 1806 1459 1872 ἒτοινιιτά-
1529 1871 1532 1880 ,

361 1951 427 1994 σεσι
450 1937 576 2010 χρῆται.
601 1931 660 2011 οὐχ
685 1931 722 2000 ὥς
748 1929 878 2003 τοιάσων
902 1929 1008 1992 τάντιι
1032 1926 1112 2009 άτερ
1131 1927 1361 2009 διισχυρίζετιιι,
1382 1927 1456 1992 ἀλλ’

363 2051 392 2115 ἓν
425 2059 461 2132 τῇ
496 2049 623 2132 rorate„
654 2056 712 2114 τῶν
744 2048 845 2128 λάγων
877 2049 985 2130 χρήσει
1009 2049 1156 2114 διδάσκων
1181 2048 1250 2126 ὅσην
1275 2051 1327 2114 sot
1352 2049 1459 2125 ἡλίκην

363 2171 414 2236 aa}
450 2172 519 2236 slva
551 2168 618 2250 ἔχει
651 2174 705 2245 τὴν
737 2170 866 2248 δύναμιν
897 2170 947 2235 διά
978 2173 1032 2247 τὴν
1064 2172 1135 2250 τρδς
1166 2171 1247 2245 θεοὺς
1281 2167 1393 2248 ἕνωσιν,
1425 2160 1459 2243 ἣν

362 2291 520 2374 τειιρέσχεν
559 2295 641 2373 αὐτῷ
681 2299 738 2358 τῶν
775 2293 948 2376 άντοῤῥάτων
988 2294 1153 2373 συμβόλων
1196 2295 1212 2367 ἦ
1247 2299 1368 2372 γνῶσις.
1411 2291 1459 2357 De

361 2416 538 2498 άτορριὶτοιρ
564 2415 650 2480 hisee
675 2413 843 2492 συμβόλοις
869 2417 936 2480 sivo
960 2414 1129 2491 συνθήμασι
1149 2413 1222 2479 vide
1245 2433 1325 2498 quae
1346 2413 1385 2478 ad
1403 2411 1458 2490 Vl,

363 2536 383 2600 5
414 2535 582 2602 adnotavit
605 2533 696 2614 Gale,
720 2539 773 2600 oui
797 2538 962 2622 egregiam
985 2535 1061 2600 libri
1085 2538 1226 2622 egregiis
1249 2534 1460 2601 adnotationi-

361 2658 420 2722 bus
451 2660 642 2722 instructam
675 2658 829 2723 debemus
860 2658 1051 2723 editionem:
1086 2657 1208 2735 „Erant
1237 2663 1347 2723 autem
1374 2677 1460 2743 sym-

361 2778 435 2844 bola
454 2779 530 2844 haeo
554 2779 661 2856 verba,
686 2778 882 2844 oharaoteres
906 2781 940 2857 (i.
967 2801 993 2844 e.
1017 2784 1135 2858 notae),
1161 2781 1309 2856 earmina,
1333 2779 1458 2855 herbae,
1539 2846 1542 2852 ,

363 2899 524 2978 animalia,
557 2907 663 2967 vestes
695 2903 809 2986 pintae,
841 2902 957 2986 quibus
989 2901 1166 2966 sacerdotes
1189 2903 1339 2965 instruoti
1361 2899 1460 2986 longo

362 3043 424 3087 usu
448 3023 723 3108 deprehenderunt
746 3023 939 3088 daemonum
958 3026 1186 3088 commercium
1205 3024 1373 3101 bonorum,
1394 3044 1460 3088 ma-

363 3142 470 3208 lorum
501 3143 614 3230 fugam
644 3166 733 3231 posse
764 3145 958 3230 procurari''.
994 3145 1079 3210 Hino
1101 3146 1217 3231 papyri
1238 3146 1367 3230 megioi,
1392 3147 1460 3230 qui·
1524 3211 1525 3216 ,

363 3264 423 3330 bus
442 3265 652 3330 Abammonis
671 3266 889 3354 liber·magna
908 3287 948 3331 ex
963 3271 1053 3351 parte
1068 3265 1259 3343 illustratur,
1276 3266 1459 3330 nominibus

363 3390 485 3451 soetent
509 3406 544 3452 oo
567 3389 668 3472 signis
692 3408 772 3472 quae
796 3387 885 3466 nullo
909 3388 1003 3453 modo
1018 3386 1169 3476 ¹intelligi
1191 3392 1333 3473 possunt.
1370 3385 1460 3452 Seili-

363 3512 422 3586 cet,
454 3511 492 3571 ut
522 3507 703 3573 Abammon
736 3508 892 3586 observat,
921 3506 990 3586 VII,
1016 3507 1054 3573 4:
1081 3508 1132 3572 κοιὶ
1157 3507 1192 3584 δὴ
1219 3506 1276 3573 κάν
1300 3507 1458 3586 ἄγνωστος

364 3630 435 3705 ἡμῖν
467 3624 595 3709 ὑπάργρ
625 3633 680 3709 (so.
712 3628 908 3716 symbolious
932 3631 1101 3695 nominum
1125 3651 1311 3696 areanorum
1335 3635 1459 3710 sensus)

262 3785 265 3790 ·
364 3749 440 3815 οὐτὸ
472 3749 563 3814 τοῦτά
594 3751 675 3814 ἐστιν
706 3751 801 3816 αὐτοῦ
834 3751 868 3816 τὸ
894 3752 1099 3826 σεμνάτωτον·
1126 3751 1352 3832 repeteremus
1377 3754 1458 3815 ἐστιν

364 3870 381 3946 ἢ
413 3867 490 3938 ὥστε
523 3871 700 3952 διιοιρεῖσῖοιι
738 3873 779 3945 εἰς
815 3879 936 3952 γνῶσιν,
973 3873 1012 3938 of.
1042 3871 1083 3956 II,
1118 3871 1177 3937 ll:
1219 3875 1236 3948 ἦ
1272 3879 1330 3937 τῶν
1365 3870 1458 3951 ἔργων

363 3997 421 4056 τῶν
445 3993 575 4074 άρράτων
604 3993 656 4058 κοιὶ
686 3993 759 4073 ὑπὲρ
785 3998 892 4060 σάτον
920 3993 1016 4070 νάκσιν
1045 3995 1212 4072 άεοιτρετιῖις
1241 3993 1457 4075 ἐνεργουμένων

363 4116 575 4194 τελεσιουργῖοι
612 4112 630 4189 ἥ
664 4139 700 4180 τε
731 4123 788 4182 τῶν
821 4115 980 4194 νοουμένων
1011 4124 1073 4187 τοῖς
1104 4117 1181 4188 θεοῖς
1211 4115 1310 4192 μάνοις
1342 4114 1459 4193 συμβά-

398 4436 421 4496 1)
439 4434 473 4482 Hi
490 4434 618 4485 daemones
635 4442 660 4486 et
675 4434 757 4485 ’ένυλοι
776 4443 899 4494 vocantur,
916 4436 945 4484 do
963 4435 1051 4500 quibus
1068 4435 1093 4484 in
1111 4439 1122 4498 ς
1140 4437 1171 4484 14
1188 4451 1211 4500 p.
1231 4435 1262 4484 58
1279 4440 1304 4483 et
1321 4434 1351 4487 71
1366 4434 1457 4484 mantio

363 4523 400 4567 est
415 4519 489 4568 faeta.
