<?xml version="1.0" encoding="UTF-8"?>
<!DOCTYPE html PUBLIC "-//W3C//DTD XHTML 1.0 Transitional//EN"
    "http://www.w3.org/TR/xhtml1/DTD/xhtml1-transitional.dtd">
<html xmlns="http://www.w3.org/1999/xhtml" xml:lang="en" lang="en">
 <head>
  <title>
</title>
<meta http-equiv="Content-Type" content="text/html;charset=utf-8" />
  <meta name='ocr-system' content='tesseract 3.04.00' />
  <meta name='ocr-capabilities' content='ocr_page ocr_carea ocr_par ocr_line ocrx_word'/>
</head>
<body>
  <div class='ocr_page' id='page_1' title='image "./deapuleioisiaco01jonggoog_0018.png"; bbox 0 0 3404 5368; ppageno 0'>
   <div class='ocr_carea' id='block_1_1' title="bbox 774 521 792 589">
    <p class='ocr_par' dir='ltr' id='par_1_1' title="bbox 774 521 792 589">
     <span class='ocr_line' id='line_1_1' title="bbox 774 521 792 589; baseline 0 0"><span class='ocrx_word' id='word_1_1' title='bbox 774 521 792 589; x_wconf 82' lang='lat'>7</span> 
     </span>
    </p>
   </div>
   <div class='ocr_carea' id='block_1_2' title="bbox 233 703 1336 791">
    <p class='ocr_par' dir='ltr' id='par_1_2' title="bbox 233 703 1336 791">
     <span class='ocr_line' id='line_1_2' title="bbox 233 703 1336 791; baseline -0.005 -17"><span class='ocrx_word' id='word_1_2' title='bbox 233 709 385 774; x_wconf 82' lang='lat' dir='ltr'>esoterioo</span> <span class='ocrx_word' id='word_1_3' title='bbox 408 705 548 770; x_wconf 84' lang='lat' dir='ltr'>doctrine</span> <span class='ocrx_word' id='word_1_4' title='bbox 571 703 678 770; x_wconf 84' lang='lat' dir='ltr'>locum</span> <span class='ocrx_word' id='word_1_5' title='bbox 701 727 757 790; x_wconf 91' lang='lat' dir='ltr'>pro</span> <span class='ocrx_word' id='word_1_6' title='bbox 780 710 848 770; x_wconf 85' lang='lat' dir='ltr'>reto</span> <span class='ocrx_word' id='word_1_7' title='bbox 871 706 967 770; x_wconf 89' lang='lat' dir='ltr'>hebet</span> <span class='ocrx_word' id='word_1_8' title='bbox 981 703 1016 783; x_wconf 87' lang='grc'>1).</span> <span class='ocrx_word' id='word_1_9' title='bbox 1041 704 1186 791; x_wconf 88' lang='lat' dir='ltr'>Denique</span> <span class='ocrx_word' id='word_1_10' title='bbox 1210 727 1245 771; x_wconf 90' lang='lat' dir='ltr'>eo</span> <span class='ocrx_word' id='word_1_11' title='bbox 1265 727 1336 772; x_wconf 88' lang='lat' dir='ltr'>eon-</span> 
     </span>
    </p>
   </div>
   <div class='ocr_carea' id='block_1_3' title="bbox 233 824 1335 914">
    <p class='ocr_par' dir='ltr' id='par_1_3' title="bbox 233 824 1335 914">
     <span class='ocr_line' id='line_1_3' title="bbox 233 824 1335 914; baseline 0 -22"><span class='ocrx_word' id='word_1_12' title='bbox 233 827 305 893; x_wconf 89' lang='lat' dir='ltr'>silio</span> <span class='ocrx_word' id='word_1_13' title='bbox 336 824 509 911; x_wconf 87' lang='lat' dir='ltr'><strong>Apuleium</strong></span> <span class='ocrx_word' id='word_1_14' title='bbox 540 827 575 888; x_wconf 91' lang='lat' dir='ltr'>in</span> <span class='ocrx_word' id='word_1_15' title='bbox 606 827 711 890; x_wconf 84' lang='lat' dir='ltr'>maius</span> <span class='ocrx_word' id='word_1_16' title='bbox 742 824 916 890; x_wconf 77' lang='lat' dir='ltr'>celebrasse</span> <span class='ocrx_word' id='word_1_17' title='bbox 946 827 1103 912; x_wconf 88' lang='lat' dir='ltr'>mysteria</span> <span class='ocrx_word' id='word_1_18' title='bbox 1126 828 1335 914; x_wconf 78' lang='lat' dir='ltr'>Aegyptiace,</span> 
     </span>
    </p>
   </div>
   <div class='ocr_carea' id='block_1_4' title="bbox 232 945 1338 1394">
    <p class='ocr_par' dir='ltr' id='par_1_4' title="bbox 232 945 1338 1394">
     <span class='ocr_line' id='line_1_4' title="bbox 233 945 1338 1033; baseline 0.002 -21"><span class='ocrx_word' id='word_1_19' title='bbox 233 953 272 1012; x_wconf 88' lang='lat' dir='ltr'>ut</span> <span class='ocrx_word' id='word_1_20' title='bbox 301 945 500 1014; x_wconf 77' lang='lat' dir='ltr'>Christianae</span> <span class='ocrx_word' id='word_1_21' title='bbox 532 945 696 1032; x_wconf 82' lang='lat' dir='ltr'>religionis</span> <span class='ocrx_word' id='word_1_22' title='bbox 726 947 888 1012; x_wconf 78' lang='lat' dir='ltr'>cohiberet</span> <span class='ocrx_word' id='word_1_23' title='bbox 918 967 1133 1033; x_wconf 82' lang='lat' dir='ltr'>progressum,</span> <span class='ocrx_word' id='word_1_24' title='bbox 1161 952 1338 1015; x_wconf 82' lang='lat' dir='ltr'>averitete</span> 
     </span>
     <span class='ocr_line' id='line_1_5' title="bbox 233 1066 1337 1153; baseline 0.001 -19"><span class='ocrx_word' id='word_1_25' title='bbox 233 1090 296 1134; x_wconf 89' lang='lat' dir='ltr'>non</span> <span class='ocrx_word' id='word_1_26' title='bbox 327 1069 494 1133; x_wconf 86' lang='lat' dir='ltr'>abhorrere</span> <span class='ocrx_word' id='word_1_27' title='bbox 523 1070 673 1153; x_wconf 87' lang='lat' dir='ltr'>opinetur</span> <span class='ocrx_word' id='word_1_28' title='bbox 686 1066 723 1144; x_wconf 68' lang='grc'>2).</span> <span class='ocrx_word' id='word_1_29' title='bbox 754 1067 857 1146; x_wconf 76' lang='lat' dir='ltr'>Quem</span> <span class='ocrx_word' id='word_1_30' title='bbox 880 1067 1042 1132; x_wconf 83' lang='lat' dir='ltr'>Senerurii</span> <span class='ocrx_word' id='word_1_31' title='bbox 1065 1072 1280 1134; x_wconf 78' lang='lat' dir='ltr'>coniectorem</span> <span class='ocrx_word' id='word_1_32' title='bbox 1303 1073 1337 1135; x_wconf 93' lang='lat' dir='ltr'>in</span> 
     </span>
     <span class='ocr_line' id='line_1_6' title="bbox 233 1187 1338 1274; baseline 0 -18"><span class='ocrx_word' id='word_1_33' title='bbox 233 1191 456 1256; x_wconf 83' lang='lat' dir='ltr'>dissertatione</span> <span class='ocrx_word' id='word_1_34' title='bbox 492 1189 529 1254; x_wconf 92' lang='lat' dir='ltr'>de</span> <span class='ocrx_word' id='word_1_35' title='bbox 564 1187 701 1274; x_wconf 84' lang='lat' dir='ltr'>Apuleio</span> <span class='ocrx_word' id='word_1_36' title='bbox 736 1191 901 1274; x_wconf 86' lang='lat' dir='ltr'>mysteriis</span> <span class='ocrx_word' id='word_1_37' title='bbox 935 1194 983 1253; x_wconf 83' lang='lat' dir='ltr'>ter</span> <span class='ocrx_word' id='word_1_38' title='bbox 1018 1191 1146 1255; x_wconf 82' lang='lat' dir='ltr'>initiato</span> <span class='ocrx_word' id='word_1_39' title='bbox 1182 1193 1338 1256; x_wconf 83' lang='lat' dir='ltr'>sustinuit</span> 
     </span>
     <span class='ocr_line' id='line_1_7' title="bbox 232 1307 797 1394; baseline -0.009 -16"><span class='ocrx_word' id='word_1_40' title='bbox 232 1312 365 1394; x_wconf 70' lang='lat' dir='ltr'>linem,</span> <span class='ocrx_word' id='word_1_41' title='bbox 390 1311 445 1377; x_wconf 89' lang='lat' dir='ltr'>sed</span> <span class='ocrx_word' id='word_1_42' title='bbox 467 1313 578 1376; x_wconf 77' lang='lat' dir='ltr'>reiecit</span> <span class='ocrx_word' id='word_1_43' title='bbox 598 1328 640 1374; x_wconf 84' lang='lat' dir='ltr'>on</span> <span class='ocrx_word' id='word_1_44' title='bbox 663 1309 748 1374; x_wconf 75' lang='lat' dir='ltr'>Snor</span> <span class='ocrx_word' id='word_1_45' title='bbox 762 1307 797 1390; x_wconf 79' lang='lat'>³).</span> 
     </span>
    </p>
   </div>
   <div class='ocr_carea' id='block_1_5' title="bbox 232 1520 1336 2082">
    <p class='ocr_par' dir='ltr' id='par_1_5' title="bbox 232 1520 1336 1752">
     <span class='ocr_line' id='line_1_8' title="bbox 232 1520 1335 1586; baseline -0.004 -12"><span class='ocrx_word' id='word_1_46' title='bbox 232 1526 322 1574; x_wconf 85' lang='lat' dir='ltr'>oonfins</span> <span class='ocrx_word' id='word_1_47' title='bbox 345 1525 375 1573; x_wconf 88' lang='lat' dir='ltr'>de</span> <span class='ocrx_word' id='word_1_48' title='bbox 396 1523 423 1571; x_wconf 83' lang='lat' dir='ltr'>le</span> <span class='ocrx_word' id='word_1_49' title='bbox 442 1527 514 1580; x_wconf 88' lang='lat' dir='ltr'>mort,</span> <span class='ocrx_word' id='word_1_50' title='bbox 537 1526 561 1570; x_wconf 91' lang='lat' dir='ltr'>et</span> <span class='ocrx_word' id='word_1_51' title='bbox 583 1521 651 1569; x_wconf 85' lang='lat' dir='ltr'>ioulo</span> <span class='ocrx_word' id='word_1_52' title='bbox 676 1537 721 1569; x_wconf 83' lang='lat' dir='ltr'>oux</span> <span class='ocrx_word' id='word_1_53' title='bbox 745 1520 813 1584; x_wconf 85' lang='lat' dir='ltr'>pieds</span> <span class='ocrx_word' id='word_1_54' title='bbox 832 1520 855 1568; x_wconf 94' lang='lat' dir='ltr'>le</span> <span class='ocrx_word' id='word_1_55' title='bbox 873 1520 935 1568; x_wconf 84' lang='lat' dir='ltr'>seuil</span> <span class='ocrx_word' id='word_1_56' title='bbox 953 1521 982 1568; x_wconf 85' lang='lat' dir='ltr'>de</span> <span class='ocrx_word' id='word_1_57' title='bbox 998 1520 1151 1584; x_wconf 65' lang='lat' dir='ltr'>Proserpbe,</span> <span class='ocrx_word' id='word_1_58' title='bbox 1169 1521 1231 1570; x_wconf 87' lang='lat' dir='ltr'>n’est</span> <span class='ocrx_word' id='word_1_59' title='bbox 1248 1539 1275 1570; x_wconf 89' lang='lat' dir='ltr'>oe</span> <span class='ocrx_word' id='word_1_60' title='bbox 1291 1539 1335 1586; x_wconf 81' lang='lat' dir='ltr'>poe</span> 
     </span>
     <span class='ocr_line' id='line_1_9' title="bbox 232 1603 1336 1670; baseline -0.003 -14"><span class='ocrx_word' id='word_1_61' title='bbox 232 1624 279 1656; x_wconf 89' lang='lat' dir='ltr'>nne</span> <span class='ocrx_word' id='word_1_62' title='bbox 301 1605 417 1670; x_wconf 69' lang='lat' dir='ltr'>alligeris</span> <span class='ocrx_word' id='word_1_63' title='bbox 440 1621 505 1653; x_wconf 78' lang='lat' dir='ltr'>assez</span> <span class='ocrx_word' id='word_1_64' title='bbox 528 1603 602 1652; x_wconf 83' lang='lat' dir='ltr'>oloire</span> <span class='ocrx_word' id='word_1_65' title='bbox 626 1605 666 1652; x_wconf 82' lang='lat' dir='ltr'>(les</span> <span class='ocrx_word' id='word_1_66' title='bbox 689 1603 802 1663; x_wconf 68' lang='lat' dir='ltr'>orsintes</span> <span class='ocrx_word' id='word_1_67' title='bbox 827 1603 887 1652; x_wconf 85' lang='lat' dir='ltr'>dont</span> <span class='ocrx_word' id='word_1_68' title='bbox 910 1603 929 1652; x_wconf 93' lang='lat' dir='ltr'>il</span> <span class='ocrx_word' id='word_1_69' title='bbox 949 1603 1099 1668; x_wconf 79' lang='lat' dir='ltr'>s&#39;imoginoit</span> <span class='ocrx_word' id='word_1_70' title='bbox 1116 1604 1165 1654; x_wconf 70' lang='lat' dir='ltr'>tire</span> <span class='ocrx_word' id='word_1_71' title='bbox 1183 1603 1276 1654; x_wconf 67' lang='lat' dir='ltr'>‹lillvre</span> <span class='ocrx_word' id='word_1_72' title='bbox 1292 1621 1336 1668; x_wconf 78' lang='lat' dir='ltr'>por</span> 
     </span>
     <span class='ocr_line' id='line_1_10' title="bbox 232 1686 452 1752; baseline -0.009 -14"><span class='ocrx_word' id='word_1_73' title='bbox 232 1706 276 1738; x_wconf 86' lang='lat' dir='ltr'>son</span> <span class='ocrx_word' id='word_1_74' title='bbox 293 1686 452 1752; x_wconf 73' lang='lat' dir='ltr'>initiation?&#39;’</span> 
     </span>
    </p>

    <p class='ocr_par' dir='ltr' id='par_1_6' title="bbox 266 1769 664 1836">
     <span class='ocr_line' id='line_1_11' title="bbox 266 1769 664 1836; baseline -0.003 -17"><span class='ocrx_word' id='word_1_75' title='bbox 266 1773 293 1836; x_wconf 89' lang='lat'>1)</span> <span class='ocrx_word' id='word_1_76' title='bbox 311 1771 385 1820; x_wconf 84' lang='lat' dir='ltr'>Roob.</span> <span class='ocrx_word' id='word_1_77' title='bbox 403 1787 421 1820; x_wconf 87' lang='lat' dir='ltr'>s.</span> <span class='ocrx_word' id='word_1_78' title='bbox 439 1769 456 1819; x_wconf 94' lang='lat' dir='ltr'>l.</span> <span class='ocrx_word' id='word_1_79' title='bbox 475 1775 546 1834; x_wconf 84' lang='lat' dir='ltr'>myst.</span> <span class='ocrx_word' id='word_1_80' title='bbox 564 1785 587 1834; x_wconf 87' lang='lat' dir='ltr'>p.</span> <span class='ocrx_word' id='word_1_81' title='bbox 605 1769 664 1818; x_wconf 80' lang='lat'>484.</span> 
     </span>
    </p>

    <p class='ocr_par' dir='ltr' id='par_1_7' title="bbox 267 1851 1127 1916">
     <span class='ocr_line' id='line_1_12' title="bbox 267 1851 1127 1916; baseline -0.006 -14"><span class='ocrx_word' id='word_1_82' title='bbox 267 1855 294 1915; x_wconf 82' lang='lat'>2)</span> <span class='ocrx_word' id='word_1_83' title='bbox 312 1852 386 1901; x_wconf 85' lang='lat' dir='ltr'>Roob.</span> <span class='ocrx_word' id='word_1_84' title='bbox 404 1869 423 1901; x_wconf 81' lang='lat' dir='ltr'>s.</span> <span class='ocrx_word' id='word_1_85' title='bbox 439 1851 457 1900; x_wconf 94' lang='lat' dir='ltr'>l.</span> <span class='ocrx_word' id='word_1_86' title='bbox 475 1855 547 1916; x_wconf 86' lang='lat' dir='ltr'>myst.</span> <span class='ocrx_word' id='word_1_87' title='bbox 564 1867 587 1916; x_wconf 87' lang='lat' dir='ltr'>p.</span> <span class='ocrx_word' id='word_1_88' title='bbox 607 1851 663 1900; x_wconf 80' lang='lat'><strong>500.</strong></span> <span class='ocrx_word' id='word_1_89' title='bbox 1125 1871 1127 1875; x_wconf 95' lang='lat'>·</span> 
     </span>
    </p>

    <p class='ocr_par' dir='ltr' id='par_1_8' title="bbox 233 1930 1334 2082">
     <span class='ocr_line' id='line_1_13' title="bbox 267 1930 1334 1998; baseline -0.001 -15"><span class='ocrx_word' id='word_1_90' title='bbox 267 1936 291 1996; x_wconf 83' lang='grc'>3)</span> <span class='ocrx_word' id='word_1_91' title='bbox 307 1935 382 1983; x_wconf 82' lang='lat' dir='ltr'>Roob.</span> <span class='ocrx_word' id='word_1_92' title='bbox 400 1951 419 1984; x_wconf 86' lang='lat' dir='ltr'>s.</span> <span class='ocrx_word' id='word_1_93' title='bbox 436 1935 453 1983; x_wconf 93' lang='lat' dir='ltr'>l.</span> <span class='ocrx_word' id='word_1_94' title='bbox 470 1939 556 1998; x_wconf 82' lang='lat' dir='ltr'>myst.²</span> <span class='ocrx_word' id='word_1_95' title='bbox 573 1939 633 1983; x_wconf 86' lang='lat' dir='ltr'>tom.</span> <span class='ocrx_word' id='word_1_96' title='bbox 647 1933 682 1992; x_wconf 93' lang='lat' dir='ltr'>II,</span> <span class='ocrx_word' id='word_1_97' title='bbox 696 1949 720 1998; x_wconf 86' lang='lat' dir='ltr'>p.</span> <span class='ocrx_word' id='word_1_98' title='bbox 736 1930 783 1983; x_wconf 78' lang='lat'>178</span> <span class='ocrx_word' id='word_1_99' title='bbox 799 1931 855 1981; x_wconf 78' lang='lat' dir='ltr'>adn.</span> <span class='ocrx_word' id='word_1_100' title='bbox 872 1931 907 1997; x_wconf 79' lang='lat'>2).</span> <span class='ocrx_word' id='word_1_101' title='bbox 922 1931 960 1981; x_wconf 85' lang='lat' dir='ltr'>cf.</span> <span class='ocrx_word' id='word_1_102' title='bbox 975 1936 1000 1980; x_wconf 85' lang='lat' dir='ltr'>ot</span> <span class='ocrx_word' id='word_1_103' title='bbox 1014 1930 1334 1990; x_wconf 61' lang='lat' dir='ltr'>armironensis</span> 
     </span>
     <span class='ocr_line' id='line_1_14' title="bbox 233 2015 799 2082; baseline -0.004 -16"><span class='ocrx_word' id='word_1_104' title='bbox 233 2017 264 2066; x_wconf 82' lang='lat' dir='ltr'>ad</span> <span class='ocrx_word' id='word_1_105' title='bbox 282 2017 308 2066; x_wconf 83' lang='lat' dir='ltr'>L.</span> <span class='ocrx_word' id='word_1_106' title='bbox 327 2017 372 2082; x_wconf 82' lang='lat' dir='ltr'>Ap.</span> <span class='ocrx_word' id='word_1_107' title='bbox 392 2015 452 2066; x_wconf 87' lang='lat' dir='ltr'>Met.</span> <span class='ocrx_word' id='word_1_108' title='bbox 470 2017 525 2066; x_wconf 89' lang='lat' dir='ltr'>libr.</span> <span class='ocrx_word' id='word_1_109' title='bbox 545 2016 586 2075; x_wconf 90' lang='lat' dir='ltr'>XI,</span> <span class='ocrx_word' id='word_1_110' title='bbox 604 2017 714 2065; x_wconf 85' lang='lat' dir='ltr'>Prooom.</span> <span class='ocrx_word' id='word_1_111' title='bbox 732 2031 757 2080; x_wconf 89' lang='lat' dir='ltr'>p.</span> <span class='ocrx_word' id='word_1_112' title='bbox 775 2015 799 2064; x_wconf 94' lang='lat'>1.</span> 
     </span>
    </p>
   </div>
   <div class='ocr_carea' id='block_1_6' title="bbox 0 0 1706 5368">
    <p class='ocr_par' dir='ltr' id='par_1_9' title="bbox 0 0 1706 5368">
     <span class='ocr_line' id='line_1_15' title="bbox 0 0 1706 5368; baseline 0 1"><span class='ocrx_word' id='word_1_113' title='bbox 0 0 1706 5368; x_wconf 95' lang='lat' dir='ltr'> </span> 
     </span>
    </p>
   </div>
  </div>
 </body>
</html>
