3346 5376
891 510 935 575 84

365 699 421 782 qui
451 717 579 762 mecum
608 696 675 759 iem
707 693 829 758 dudum
859 691 974 779 grandi
1002 694 1143 777 praemio
1162 693 1288 779 pepigit
1311 691 1461 760 reducere

364 816 527 904 paulisper
557 817 595 882 ab
626 815 737 880 inferis
768 816 920 899 spiritum
951 834 1129 900 corpusque
1153 813 1240 878 istud
1263 812 1462 899 postliminio

363 942 477 1006 mortis
500 937 673 1004 animarc.''
698 937 741 1002 hit
764 957 839 1001 cum
863 937 947 1012 dicto
969 938 1121 1004 iuvenem
1145 938 1331 1021 quempiam
1352 935 1463 1000 linteis

365 1060 512 1128 amiculis
547 1063 702 1125 iniectum
736 1058 893 1143 pedesque
924 1056 1059 1142 palmeis
1092 1058 1200 1122 baxeis
1229 1057 1399 1124 inductum
1431 1063 1464 1123 et

365 1183 505 1269 adusque
544 1187 709 1262 <cctcm>
745 1179 854 1246 deraso
897 1182 999 1266 capite
1039 1180 1187 1266 producit
1228 1183 1262 1244 11
1306 1181 1462 1247 medium.

365 1304 474 1369 Huius
507 1303 563 1369 diu
594 1324 709 1368 manus
741 1301 942 1368 deosculatus
973 1307 1006 1366 et
1035 1304 1106 1387 ipsa
1137 1323 1244 1389 genna
1275 1305 1463 1390 contingens

369 1424 560 1502 „miserere”
597 1426 652 1501 ait,
685 1422 858 1500 „sacerdos
889 1424 1049 1488 miserere:
1086 1423 1147 1488 Per
1177 1423 1325 1490 caelestia
1349 1425 1462 1503 sidera,

310 1567 311 1571 ’
367 1568 424 1633 per
452 1547 575 1612 inferne
605 1547 748 1622 numine,
779 1543 1016 1629 pernaturelia
1039 1543 1204 1629 elementa,
1230 1551 1464 1631 pernocturus

367 1667 495 1733 silentia
529 1672 561 1732 et
595 1666 692 1752 adyta
726 1663 858 1751 Coptica
887 1671 919 1730 et
949 1686 1005 1751 per
1035 1667 1232 1732 incrementa
1262 1665 1401 1734 Nilotica
1431 1671 1465 1732 et

368 1810 480 1855 arcana
514 1788 725 1874 Memphitica
759 1793 791 1852 et
824 1789 919 1871 sistra
953 1787 1117 1871 Phariaca,
1153 1787 1193 1854 da
1227 1788 1358 1854 brevem
1388 1787 1464 1854 solis

368 1931 498 1976 usuram
535 1916 567 1974 et
600 1911 634 1974 in
668 1915 833 1974 aeternum
869 1908 1004 1973 conditis
1035 1909 1137 1974 oculis
1167 1909 1327 1976 modicam
1356 1908 1464 1975 lucem

367 2033 509 2104 infunde.
546 2031 618 2097 Non
649 2031 826 2095 obnitimur
862 2031 1004 2116 <foto>
1040 2053 1097 2096 nec
1131 2037 1233 2097 terrae
1267 2053 1336 2098 rem
1371 2054 1465 2098 suam

368 2154 572 2240 denegamus,
603 2151 657 2217 sed
689 2151 728 2216 ad
758 2150 892 2216 ultionis
924 2151 1075 2217 solatium
1107 2155 1264 2240 exiguum
1286 2156 1372 2219 vitae
1395 2175 1466 2240 spa-

366 2279 452 2341 tium
493 2273 732 2360 deprecamur''.
778 2273 939 2358 Propheta
974 2276 1019 2338 sic
1053 2277 1257 2360 propitiatus,
1292 2274 1463 2341 herbulam

368 2399 553 2484 quampiam
576 2397 615 2462 ob
639 2417 672 2461 os
695 2397 833 2481 corporis
843 2393 881 2476 (1)
905 2400 938 2460 et
960 2395 1056 2461 aliam
1080 2399 1201 2481 pectori
1224 2399 1293 2462 eius
1312 2400 1464 2484 imponit.

367 2521 452 2587 Tum
483 2522 638 2586 orientem
669 2519 820 2584 obversus
849 2520 1046 2590 incrementa
1076 2518 1153 2584 solis
1183 2523 1316 2616 augusti
1346 2523 1465 2597 tacitus

365 2645 560 2728 imprecatus
593 2639 782 2706 venerabilis
813 2661 924 2705 scenas
950 2641 1029 2705 facie
1053 2640 1158 2706 studia
1182 2644 1399 2727 praesentium
1424 2643 1464 2708 ad

365 2762 559 2829 miraculum
588 2767 715 2826 tantum
747 2764 895 2826 certatim
925 2761 1059 2827 adrexit.
1086 2799 1128 2812 ·-
1151 2761 1220 2828 Iam
1243 2770 1370 2830 tumore
1394 2785 1464 2850 pec

365 2891 418 2950 tus
450 2883 571 2963 extolli,
602 2887 669 2949 1111
699 2882 836 2949 salubris
859 2904 939 2948 rena
961 2883 1094 2969 pulsari,
1118 2885 1185 2968 iam
1209 2887 1324 2970 spiritu
1348 2907 1463 2972 corpus

363 3005 493 3092 impleri
523 3010 554 3070 et
585 3005 733 3091 adsurgit
763 3003 907 3082 cadaver,
936 3009 969 3068 et
991 3005 1137 3092 profatur
1159 3005 1375 3072 adulescens''.
1412 3004 1462 3074 Of.

364 3135 397 3194 et
421 3129 474 3192 1111
499 3128 569 3195 Lib.
597 3147 699 3213 apocr.
724 3125 828 3210 Meis,
854 3147 885 3212 p.
917 3125 991 3206 190,
1019 3126 1146 3194 5—10:
1175 3125 1293 3209 ἔγερσνς
1319 3128 1461 3205 σώματος

366 3253 478 3331 νεκροῦ.
745 3328 748 3333 ¹

412 3372 522 3456 Neque
557 3369 684 3434 11111111
720 3369 969 3455 praetereundus
1003 3374 1051 3434 est
1085 3369 1287 3438 Heliodorus.
1332 3372 1393 3453 Qui
1427 3376 1462 3439 in

367 3495 498 3579 egregie
529 3492 793 3576 Aethiopicorum
823 3489 932 3556 fabula
963 3489 1055 3556 Isiaci
1087 3493 1259 3578 prophetae
1289 3496 1357 3560 vite
1387 3493 1464 3560 deli-

364 3620 457 3680 neata
489 3611 765 3699 encyclopaediem
797 3611 896 3676 simul
926 3612 1085 3697 quandam
1117 3618 1317 3701 magicarum
1341 3619 1462 3682 artium

366 3737 563 3820 conscripsit.
596 3731 745 3799 Oalasiris
769 3732 889 3798 11111111
913 3735 1085 3819 primarius
1108 3736 1261 3816 sacerdos,
1285 3741 1376 3803 cuius
1399 3759 1462 3804 non

364 3857 498 3923 ultimae
530 3861 604 3921 sunt
631 3857 665 3919 11
687 3854 795 3920 fabule
817 3861 933 3941 partes,
959 3859 1093 3942 magicis
1116 3856 1209 3943 plene
1231 3860 1377 3925 imbutus
1401 3860 1463 3925 dis-

364 3979 500 4065 ciplinis,
524 3979 633 4043 futura
656 3998 764 4042 rerum
793 3982 859 4042 arte
889 3976 1020 4064 indagat
1051 3978 1251 4059 divinatoris,
1283 3980 1340 4060 Ill,
1371 3980 1460 4062 16¹),

367 4145 533 4156 ι-ι--ι-ι-

399 4251 424 4311 1)
442 4251 481 4300 Ibi
497 4257 522 4300 et
539 4251 597 4316 quid
615 4250 678 4300 inter
694 4249 800 4314 magiam
820 4248 928 4298 divinem
942 4249 1052 4314 interque
1066 4251 1184 4312 γοητείαν
1198 4253 1302 4314 11111111,
1316 4256 1374 4306 dats
1388 4273 1461 4322 opera

363 4331 475 4399 exponit:
493 4330 507 4386 ἡ
526 4332 571 4393 μὲν
589 4331 638 4395 γάρ
655 4350 694 4390 τις
713 4330 771 4380 ἐστὶ
788 4328 907 4392 δημώδης,
924 4329 975 4388 καὶ,
993 4329 1023 4389 ὡς
1041 4329 1070 4380 ἦν
1084 4350 1124 4391 τις
1139 4331 1210 4394 ilaus,
1226 4336 1314 4398 χαμαῖ
1328 4334 1461 4403 ἐρχομένη,

362 4413 468 4464 εἰδώλων
487 4413 618 4476 θεράπαινα
635 4414 677 4463 καὶ
694 4413 749 4476 περὶ
763 4412 873 4474 σώματα
888 4418 971 4475 νεκρῶν
986 4413 1124 4475 cecropem,
1139 4416 1258 4478 βοτάναις
1273 4423 1461 4480 προστετηκυῖα

362 4496 405 4548 καῖ
427 4494 534 4558 ἐπῳδαῖς
557 4494 718 4559 inarimos-a
741 4525 772 4534 -
796 4494 809 4551 ἡ
834 4494 856 4544 δ’
879 4493 953 4557 ἑτέρα
976 4523 1009 4535 -
1031 4495 1044 4551 ἡ
1070 4496 1163 4556 ἀληθῶς
1187 4500 1272 4563 σοφία,
1289 4497 1317 4561 ἧς
1335 4502 1401 4560 αὕτη
1417 4506 1460 4567 (sc.
