3404 5368
905 549 948 615 24

375 731 638 811 Alexandrinum,
660 733 778 799 Strom.
792 733 829 812 V,
850 755 881 819 p.
901 731 976 797 689.
998 731 1057 796 Ed.
1076 731 1160 807 Pet,
1182 767 1222 778 --
1245 730 1309 794 ἐστὶ
1325 732 1367 796 rei
1384 735 1479 815 μικρὰ

374 853 530 934 μυστήρια
565 844 770 928 διδασκαλίας
806 851 954 920 ὑπόθεσιν
991 851 1106 934 ἔχοντα
1143 850 1194 915 καὶ
1226 863 1479 933 πριιιαρασκευιῑς

374 981 432 1038 τῶν
460 975 652 1052 μελλόντων·
681 977 724 1042 τὰ
748 977 778 1042 δὲ
803 975 936 1054 μεγαλα
961 974 1028 1054 περὶ
1053 975 1111 1039 τῶν
1137 971 1326 1052 συμπάντων
1349 975 1381 1039 αὖ
1405 1000 1480 1054 ραακ-

374 1095 480 1162 &dvctv
511 1097 555 1162 ἔτι
587 1099 802 1177 ὑπολείπεται,
837 1096 1015 1163 ἐποπτεύειν
1048 1096 1078 1160 δὲ
1111 1095 1162 1160 καὶ
1195 1103 1339 1176 περιρρεῖν
1366 1096 1421 1172 τήν
1446 1123 1480 1163 τε

373 1221 468 1299 φύσιν
487 1219 539 1286 καὶ
560 1221 602 1285 τὰ
623 1220 804 1300 πράγματα
826 1257 884 1296 -,
906 1223 933 1284 si
953 1217 1097 1283 scholion
1117 1219 1306 1302 inspicimus
1325 1217 1365 1283 ad
1381 1219 1479 1285 Arist.

373 1341 437 1406 Plt.
463 1364 494 1407 v.
523 1340 621 1420 1013,
646 1343 703 1407 nbi
726 1361 824 1427 parva
847 1342 1003 1427 mysteria
1022 1343 1179 1404 vocantur
1194 1337 1401 1417 sinceritate,
1422 1341 1481 1404 ini·

372 1467 466 1529 tiatio
497 1466 622 1528 mimici
653 1485 716 1528 non
746 1463 890 1548 indiguit
921 1467 1101 1547 apparatus,
1135 1460 1190 1525 sed
1221 1463 1436 1546 epraeeeptis
1453 1460 1478 1548 ¹)

371 1589 478 1670 petius
502 1588 646 1651 constitit
669 1605 749 1670 quae
773 1583 864 1650 facile
888 1582 971 1648 tradi
995 1584 1168 1667 potuerint.

418 1707 502 1786 Quas
525 1711 632 1804 tamen
656 1705 821 1772 molestias
845 1705 1077 1790 quadamtenus
1102 1709 1186 1768 certe
1210 1702 1425 1787 expediemus,
1449 1706 1478 1768 si

371 1829 501 1905 festum,
533 1828 617 1912 quod
646 1831 680 1892 in
711 1829 885 1893 numinum
912 1823 1131 1890 celebrabatur
1155 1824 1320 1902 honorem,
1345 1825 1479 1910 abipsa

371 1953 554 2035 mystarum
576 1951 757 2014 initiatione
780 1949 860 2013 bene
880 1945 1122 2032 distinguimus.
1143 1945 1249 2028 Atque
1268 1943 1345 2009 licet
1363 1945 1423 2009 hac
1442 1947 1478 2009 in

371 2091 404 2133 re
436 2067 693 2132 luculentissimo
724 2071 773 2132 uti
805 2066 962 2152 exemplo.
997 2065 1222 2130 Samothracae
1245 2067 1279 2128 in
1301 2065 1408 2130 insula
1430 2086 1478 2132 so

370 2188 485 2267 lemne,
509 2194 547 2253 ut
572 2211 621 2254 res
640 2193 709 2275 ipsa
729 2189 878 2266 declarat,
898 2189 992 2252 certis
1012 2186 1225 2272 peragebatur
1244 2186 1401 2268 diebus2),
1422 2187 1478 2252 sed

371 2313 485 2394 quovis
518 2313 593 2374 anni
624 2316 767 2396 tempore
798 2311 1016 2374 initiationem
1048 2327 1228 2373 concessam
1252 2308 1349 2372 firisse
1372 2313 1480 2392 peten-

370 2431 468 2508 tibus,
499 2431 679 2516 permultae
712 2437 870 2496 testantur
900 2431 1122 2514 inscriptiones
1137 2429 1172 2508 ³).
1206 2431 1307 2513 Atqui
1338 2428 1478 2515 singulis

370 2554 499 2636 mystis,
523 2555 586 2616 nisi
608 2554 690 2617 forte
713 2552 767 2617 vel
790 2552 922 2638 regibus
936 2555 961 2628 ⁴)
986 2549 1040 2616 vel
1061 2550 1309 2634 imperatoribus
1322 2551 1348 2630 ⁵)
1370 2551 1479 2614 mimi-

373 2693 444 2737 cam
475 2675 634 2738 actionem
665 2692 733 2736 esse
755 2673 978 2747 instauratam,
1002 2691 1020 2734 a
1043 2671 1178 2735 veritate
1202 2667 1297 2754 plane
1318 2669 1478 2736 abhorret.

372 2793 590 2859 Initiationem
612 2796 717 2880 igitur
740 2813 866 2877 semper
888 2797 921 2856 et
943 2792 1064 2875 ubique
1087 2811 1152 2855 uno
1175 2789 1350 2874 eodemque
1368 2789 1480 2856 ordine

373 2921 468 3000 atque
498 2917 664 2980 mimicam
695 2915 1020 3000 repraesentationem
1048 2932 1115 2977 esse
1138 2911 1326 2990 habendam,
1353 2931 1481 2976 consen-

372 3041 504 3101 taneum
526 3058 589 3102 non
615 3039 713 3122 estss).

419 3159 463 3222 At
492 3157 701 3224 Eleusiniacis
732 3161 765 3222 in
797 3158 971 3243 mysteriis,
1004 3176 1084 3240 quae
1112 3175 1220 3220 mense
1245 3153 1478 3219 Botdromione

373 3283 541 3363 quotannis
563 3281 812 3358 celebrabantur,
833 3281 973 3343 initiatio
993 3299 1068 3342 cum
1088 3276 1224 3342 solemni
1245 3281 1312 3341 erat
1333 3278 1479 3340 coniunc-

409 3513 436 3578 1)
455 3511 573 3561 Dehisce
590 3513 724 3577 praeceptis
742 3512 766 3560 in
785 3511 902 3576 epimetro
921 3509 999 3575 primo
1017 3507 1095 3556 insius
1114 3507 1300 3572 disputabimus.

408 3595 435 3659 2)
452 3594 542 3644 Utrum
556 3594 641 3644 diebus
654 3594 803 3643 XX-XXII
818 3591 907 3641 mensis
922 3591 982 3640 Iulii
997 3607 1028 3639 an
1042 3590 1155 3654 Augusti,
1168 3589 1308 3654 ambigitur.
1321 3589 1358 3638 cf.
1368 3589 1481 3638 Elaeen-

373 3690 449 3736 κιαι),
465 3675 524 3726 Unt.
543 3693 565 3726 a.
583 3676 605 3726 S.
624 3677 645 3736 I,
663 3692 687 3740 p.
707 3676 746 3724 89.

408 3761 433 3820 3)
450 3759 624 3818 Hmscrrrnsn,
640 3759 657 3807 l.
675 3758 692 3806 l.

406 3844 431 3902 t)
447 3841 477 3890 In
491 3840 610 3891 Demetrii
622 3839 685 3904 regis
700 3840 824 3898 honorem,
840 3837 950 3887 dadncho
966 3837 1025 3886 licet
1039 3836 1176 3896 resistente,
1189 3851 1237 3884 uno
1251 3835 1383 3900 eodemque
1396 3850 1478 3884 mense

371 3940 416 3972 nec
438 3923 549 3987 legitimo
572 3928 596 3972 et
615 3922 710 3972 minora
732 3921 848 3986 mysteria
873 3925 928 3969 acta
951 3935 1002 3968 essa
1020 3924 1044 3967 et
1061 3918 1163 3976 maiora,
1180 3917 1244 3966 nulli
1262 3933 1311 3966 non
1328 3922 1414 3967 notum
1432 3921 1476 3967 est.

373 4005 408 4055 cf.
427 4005 494 4056 Plut.
512 4005 607 4054 Demet.
626 4005 666 4054 26.

407 4089 431 4152 5)
451 4091 588 4152 Augustum
613 4085 656 4136 ριἰκ
681 4083 706 4134 ἐν
731 4091 767 4148 τῷ
786 4081 921 4140 καθήκοντι
939 4088 1061 4145 καιρῷ-
1081 4079 1236 4142 μεμυημένον
1254 4079 1385 4143 γενόμεναι
1403 4081 1477 4130 refert

371 4169 418 4218 Dio
443 4169 549 4228 Cassius,
571 4167 635 4227 LIV,
655 4169 682 4226 9;
707 4167 736 4216 de
759 4165 885 4214 Hadriano
907 4163 983 4227 deque
1005 4163 1090 4211 Marco
1114 4162 1213 4211 Aurelio
1234 4162 1293 4211 solis
1312 4163 1343 4210 ad
1362 4162 1477 4227 mysticas

371 4249 530 4298 caerimonias
555 4248 667 4298 admissis
690 4249 720 4296 ci.
745 4263 806 4311 quae
830 4245 964 4294 Salmasius
988 4244 1017 4293 In
1041 4245 1095 4293 ael.
1118 4244 1197 4308 Spart.
1223 4243 1286 4293 Had.
1305 4242 1359 4292 Em.
1379 4261 1399 4293 a.
1418 4243 1475 4292 Not.

370 4348 394 4395 p.
414 4331 519 4388 al-ea,
538 4331 567 4379 In
584 4331 632 4379 Iul.
650 4329 709 4394 Cap.
725 4329 760 4378 M.
779 4329 837 4378 snt.
855 4327 921 4376 Phil.
938 4327 992 4376 Em.
1011 4343 1030 4376 e.
1048 4327 1105 4376 Not.
1123 4342 1147 4390 p.
1166 4327 1198 4375 98
1216 4326 1359 4390 disputavit.

405 4415 429 4474 6)
447 4413 612 4461 Dramaticam
629 4413 652 4460 in
666 4411 748 4476 parvis
762 4409 884 4476 mysteriis
901 4409 1148 4473 repraesentationem
1164 4409 1292 4476 impugnat
1307 4413 1331 4458 et
1342 4409 1371 4460 A.
1380 4408 1476 4460 Morsu·

371 4509 427 4554 sua,
445 4496 515 4546 Festa
534 4495 575 4546 der
593 4495 663 4546 Stadt
680 4495 785 4553 Athm',
803 4509 826 4559 p.
845 4493 893 4540 tlt
912 4509 947 4558 sq.
