3404 5368
662 459 806 590 Ι57

238 709 255 772 1
288 709 353 772 ritu
383 708 525 793 magicos
548 708 582 770 in
605 705 802 772 divinatione
827 706 1032 792 „disciplinas
1056 708 1231 794 mysticas'’
1255 729 1334 772 nun-

236 836 339 915 cupat.
376 827 509 895 Servius
540 828 579 892 ad
611 825 739 914 Georg„
772 827 824 911 IV,
850 827 934 894 503:
959 829 1112 914 ωρεοοσωω
1135 837 1195 894 eet:
1220 829 1333 894 dictiue·

234 952 310 1018 eninr
343 950 387 1014 bie
421 953 542 1014 cundem
576 951 706 1014 umbram
742 973 861 1014 οωσσονσ
891 975 950 1015 ηοω
980 953 1079 1018 licere.
1117 952 1219 1040 Sagae
1251 974 1334 1017 mor·

234 1078 329 1138 tuum
352 1074 514 1139 evocantis
537 1071 693 1137 miracula
713 1076 867 1152 μυστήρια
888 1079 980 1139 uocat
1001 1073 1203 1153 Heliodorus,
1225 1074 1332 1140 Aeth.·

234 1194 288 1272 VI,
322 1194 373 1258 15.
409 1193 446 1258 In
478 1195 608 1279 papyris
639 1196 775 1279 magicis
806 1195 863 1279 qui
892 1194 1013 1259 scilicet
1042 1197 1119 1260 artis
1148 1171 1332 1282 theurgicae

236 1319 398 1382 continent
439 1320 623 1401 praecepta,
667 1318 930 1398 caerimoniarum
968 1320 1180 1404 mysticarum
1214 1319 1333 1403 passim

239 1444 409 1504 occurrunt
440 1439 581 1502 nomina.
611 1436 688 1523 Pap.
716 1438 786 1502 Par.
814 1435 918 1503 1596:
941 1437 1022 1502 ἔστιν
1044 1437 1075 1503 δὲ
1100 1439 1185 1504 κατὰ
1209 1438 1333 1502 πάντων

240 1561 353 1634 τελετὴ
382 1556 450 1634 ἥδε·
475 1559 546 1638 πρὸς
571 1555 652 1633 ἥλων
675 1559 785 1637 λόγος·
810 1561 1019 1638 ἐπικαλοῦμαι
1043 1585 1089 1640 σε,
1113 1561 1163 1626 τὸν
1187 1560 1334 1640 μέγιστον

239 1684 303 1747 θεὸν
338 1698 408 1747 κτλ.
443 1681 530 1746 Libr.
565 1702 667 1767 apocr.
704 1681 799 1747 Mois.
816 1681 839 1762 ¹)
877 1681 934 1746 nd.
972 1682 1072 1748 Dietr.
1109 1706 1141 1769 p.
1179 1681 1259 1764 172,
1295 1680 1332 1746 2:

238 1803 295 1884 τρὸ
327 1801 418 1868 steort
450 1806 525 1880 μνοῖς
559 1803 672 1881 ἡμέρας
706 1811 760 1876 τῆς
793 1811 937 1888 τελετῆς,
970 1826 1000 1889 p.
1032 1801 1106 1882 187,
1132 1804 1192 1869 12:
1217 1805 1333 1884 τληρης

238 1929 255 2001 ἡ
291 1927 405 1999 τελετη
439 1931 493 1999 τῆς
532 1923 670 1997 Mordere
703 1925 917 2006 τροσεφωνηθη
950 1949 1005 2003 σον,
1038 1926 1159 2003 τέκνον,
1190 1947 1221 2010 p.
1258 1923 1333 2004 173,

242 2047 302 2114 12:
343 2049 369 2112 εἰ
410 2049 454 2125 ud
496 2047 558 2128 γὰρ
599 2046 712 2120 αὐτοὺς
747 2053 802 2127 (sc.
839 2047 993 2133 quosdam
1028 2047 1162 2113 deorum
1197 2047 1335 2130 ordinae)

241 2169 373 2252 κοιλέση,
405 2169 458 2234 οὖν
491 2169 671 2234 ἒτωνούονσν
696 2172 733 2242 ὡς
758 2170 998 2249 οὶρονστηρνοὶστῳ
1022 2170 1066 2234 σοὶ
1092 2170 1277 2254 ὑπάρχοντι,
1303 2191 1333 2255 p.

243 2291 317 2369 180,
353 2290 415 2356 19;
447 2287 538 2370 ἄρξων
569 2290 600 2355 δὲ
629 2290 735 2368 λέγειν
767 2327 809 2340 -
832 2291 866 2355 τὸ
891 2292 1053 2369 μυστήριον
1077 2296 1129 2356 τοῦ
1156 2292 1230 2356 θεοῦ.
1255 2291 1333 2376 Pap.

245 2412 281 2476 V.
311 2411 370 2477 Ed.
402 2411 567 2478 Lecmans.
599 2411 658 2477 col.
692 2411 729 2476 3³
760 2411 820 2477 21:
854 2411 986 2493 ἐδωρήσω
1019 2413 1074 2487 την
1104 2417 1156 2477 τοῦ
1182 2413 1334 2489 μεγίστου

246 2537 352 2600 Ὀνσοῦ
383 2541 502 2620 γνῶσιν,
523 2524 570 2606 ,ἣν
601 2535 653 2599 καὶ
681 2534 797 2614 τηρήσω
822 2534 936 2612 ἁγνῶς,
959 2533 1065 2612 μηδενὶ
1091 2533 1284 2612 μεταδιδούς,
1308 2535 1334 2600 εἰ

242 2659 286 2734 μη
329 2664 394 2728 τοῖς
433 2664 496 2728 σοῖς
538 2655 740 2733 συμμύστοως
782 2656 823 2728 εἰς
856 2656 928 2738 sci&
965 2657 1035 2738 σ]ο“ις
1074 2657 1154 2735 ἱερὰς
1191 2655 1335 2728 τελετάς.

241 2777 479 2864 Neoplatonici,
523 2778 580 2842 ubi
618 2778 787 2864 theurgiae
822 2777 944 2842 faciunt
979 2779 1196 2855 mentionem,
1230 2778 1338 2843 verbis

240 2905 378 2966 utuntur
408 2921 425 2965 e
456 2921 489 2965 re
520 2902 659 2985 mystica
689 2899 877 2984 desumptis.
914 2898 1022 2963 Multa
1053 2899 1116 2964 huc
1147 2901 1337 2985 pertinentia

241 3022 382 3099 Luaron,
415 3023 468 3086 cui
495 3019 646 3085 nonnulla
677 3026 709 3085 ct
739 3021 835 3085 huius
860 3023 1110 3085 enumerationis
1136 3020 1243 3096 debeo,
1269 3041 1339 3084 oon-

241 3142 330 3225 tulit,
363 3141 437 3230 Agl.
461 3141 517 3207 lib.
542 3141 558 3205 Ι
580 3140 653 3223 §13
678 3146 709 3205 et
736 3140 788 3224 14,
814 3142 969 3227 equibus
993 3140 1130 3206 sufficiat
1153 3162 1255 3206 unum
1278 3141 1337 3205 hoc

242 3265 370 3352 Synesii
392 3263 531 3342 laudare,
556 3263 603 3328 De
626 3265 794 3329 insomniis
818 3284 848 3348 p·
871 3261 973 3328 144a:
1003 3261 1077 3327 ἔνων
1106 3264 1164 3326 τῶν
1193 3261 1243 3327 ἐπὶ
1269 3284 1338 3340 τρο

243 3385 504 3462 witternensi
525 3385 595 3455 τοὺς
621 3384 806 3463 ἱεροφάντας
832 3419 873 3431 -
898 3384 960 3449 ἀπὸ
984 3384 1040 3448 τῶν
1066 3383 1223 3460 μεγίστων
1243 3406 1335 3460 τιμη-

242 3507 350 3582 μάτων
381 3508 535 3587 aspicem
569 3513 752 3591 (operosum
783 3509 972 3590 apparatum
1004 3508 1184 3590 requirunt)
1216 3506 1268 3570 xci
1294 3505 1341 3570 δεῖ

244 3627 383 3701 δωτοένης
426 3635 542 3710 συχνῆς
580 3626 631 3690 καὶ
668 3627 767 3706 τύχης
804 3615 992 3702 σωγκοροίσοω
1029 3633 1170 3706 Κρῆσσσνν
1202 3625 1336 3705 βοτάνην

246 3749 297 3816 κο)
340 3749 449 3828 πτερὸν
485 3749 656 3826 Αἰγύπτιον
692 3750 743 3813 καὶ
780 3749 881 3813 ὀστέον
917 3749 1075 3827 Ἰβηρικόν.
1124 3748 1233 3835 Neque
1267 3748 1338 3814 aliis

246 3872 418 3937 utebantur
448 3871 714 3957 appellationibus
745 3870 925 3957 Byzantini.
961 3870 997 3935 In
1026 3870 1189 3956 opusculo,
1216 3873 1250 3935 in
1274 3891 1337 3956 quo

252 4051 421 4065 —--

283 4178 306 4239 1)
328 4176 418 4238 Βίβλος
441 4174 493 4235 ἰερᾶν
515 4169 697 4232 ἐπικαλουμένη
721 4171 796 4232 μονὰς
819 4170 833 4227 ἢ
857 4168 932 4232 ὀγδόη
949 4168 1065 4228 Μουσέων
1083 4170 1139 4232 περὶ
1156 4173 1202 4220 τοῦ
1219 4171 1340 4233 ὀνόματος

248 4262 294 4309 τοῦ
310 4258 391 4321 ἁγνοῦ.
411 4257 471 4306 Usus
489 4272 542 4306 sum
560 4255 691 4304 recentiore
709 4255 823 4313 editione,
841 4270 913 4317 quam
931 4255 959 4302 A.
977 4254 1121 4303 Dmrnsron
1138 4255 1247 4319 egregiae
1261 4256 1341 4320 dispu-

246 4342 335 4392 tationi
356 4342 385 4390 de
410 4341 507 4389 Abraxa
532 4338 629 4398 adiecit,
654 4339 712 4386 Abr.
736 4354 758 4401 p.
783 4336 922 4388 167-205.
944 4337 1052 4386 Primam
1075 4337 1206 4388 editionem
1229 4339 1341 4403 praebuit

249 4425 373 4473 Lnnunrts
397 4423 422 4472 in
444 4423 521 4487 „Pap
543 4423 584 4470 Gr.
602 4420 666 4470 Mus.
687 4422 744 4469 Ant.
762 4420 823 4468 Pub.
840 4420 901 4484 Lug.
919 4420 1030 4478 Batav.'',
1047 4426 1105 4469 tom.
1124 4420 1157 4478 11,
1176 4437 1200 4485 p.
1217 4420 1340 4479 77-198,

248 4507 290 4557 ubi
304 4507 366 4556 liber
382 4507 425 4555 ille
442 4506 527 4555 Moisis
546 4505 606 4569 Pap.
622 4504 659 4553 W.
676 4509 837 4568 noncupatur.
1150 4521 1153 4527 ¹
1238 4510 1240 4516 ’
