3404 5368
873 467 916 533 54

342 651 428 716 haud
460 651 554 717 dubie
578 654 620 716 sit
643 650 818 730 absolutus,
842 651 965 716 nemini
987 655 1095 716 tamen
1117 649 1304 736 persuadere
1327 651 1445 734 potuit,

343 794 375 839 se
405 775 540 860 magicis
570 773 693 838 artibus
723 795 821 839 usum
850 794 913 838 non
945 793 1022 838 esse.
1054 772 1160 858 Atque
1190 792 1230 836 ne
1260 791 1371 836 rursus
1392 772 1445 836 hic

342 894 508 980 proferam,
540 915 669 980 quae‘a
700 895 874 982 philologis
905 893 979 981 plue
1008 893 1106 959 semel
1129 892 1253 979 prolata
1277 899 1361 970 sunt,
1386 893 1445 959 hoc

341 1022 481 1094 tantum,
505 1017 588 1102 quod
613 1019 635 1082 i.
650 1038 676 1082 a.
707 1019 768 1084 viri
799 1017 976 1082 doctissimi
995 1017 1109 1082 Rouou
1122 1014 1148 1096 1)
1168 1015 1445 1096 aratorumne

341 1138 589 1204 observaverunt
618 1143 714 1224 atque
745 1143 970 1224 exposuerunt,
1002 1137 1158 1224 urguebo‚
1184 1136 1359 1222 Apuleium
1382 1157 1446 1202 non

341 1280 465 1344 semper
495 1259 534 1324 ad
565 1280 611 1337 ea,
636 1280 716 1345 quae
743 1261 805 1324 sibi
830 1261 1030 1338 obiiciantur,
1055 1258 1251 1345 respondere,
1275 1259 1330 1324 sed
1352 1259 1446 1324 rebus

340 1401 432 1466 saepe
456 1379 573 1466 diuque
596 1383 763 1446 immorari
787 1380 991 1447 secundariis.
1015 1379 1133 1461 Quodsi
1154 1380 1362 1446 demonstrari
1380 1400 1444 1444 non

340 1508 454 1588 potest,
474 1501 650 1588 Apuleium
670 1504 806 1589 magicis
827 1501 969 1568 artificiis
986 1501 1072 1568 mala
1083 1509 1280 1588 perpetrasse
1293 1501 1441 1578 facinora,

340 1628 447 1689 contra
474 1645 574 1708 neque
597 1626 709 1710 negari
731 1629 846 1710 potest,
870 1623 1045 1709 Apuleium
1068 1622 1207 1689 occultas
1231 1643 1281 1688 res
1303 1641 1444 1708 perscru-

340 1743 435 1809 tando
465 1766 575 1810 ansam
605 1745 764 1810 eiusmodi
794 1746 976 1831 praebuisse
1003 1747 1265 1810 criminationum
1278 1741 1313 1826 3).
1336 1744 1445 1808 Poste-

259 1930 260 1934 ,
339 1866 476 1930 rioribus
511 1871 595 1932 certe
625 1868 825 1952 temporibus
855 1867 940 1932 fama
970 1866 1008 1931 de
1039 1864 1176 1950 Apuleio
1206 1885 1303 1952 mago
1326 1867 1362 1928 in
1384 1865 1444 1929 im-

340 2007 487 2052 mensum
506 1991 617 2053 crevit.
641 1987 862 2053 Madaurensis
887 1987 971 2074 apud
991 1985 1190 2054 Christianos
1208 1986 1442 2052 famosissimus

340 2111 590 2196 praestigiator.
611 2110 695 2196 apud
726 2094 862 2197 gentiles
894 2117 1047 2195 tanquam
1078 2108 1159 2175 alter
1189 2107 1335 2176 Christus
1366 2109 1443 2176 fere

342 2231 438 2296 batur
450 2236 485 2311 l).

386 2351 471 2432 Quae
506 2373 580 2418 cum
613 2354 660 2417 ita
690 2354 763 2430 sint,
796 2373 923 2418 causam
952 2374 1015 2418 non
1044 2351 1148 2431 uideo,
1181 2373 1237 2417 cur
1266 2351 1443 2438 Apuleium

343 2473 498 2560 symbolis
516 2476 624 2558 potius
642 2495 738 2559 quam
757 2477 888 2559 spectris
907 2477 1082 2560 magicisve
1102 2476 1223 2540 artibus
1235 2477 1443 2560 quantumvis

342 2594 440 2672 falsis,
475 2599 542 2658 tam
577 2593 782 2659 vehementer
815 2599 997 2678 permotum
1028 2596 1136 2674 fuisse,
1161 2617 1257 2682 quam
1280 2598 1444 2683 exipsius

343 2720 431 2801 patet
452 2717 642 2792 narratione,
667 2720 857 2780 statuamus.

362 2937 403 3008 '1)
420 2943 448 2993 u.
466 2943 566 3000 Roranrs,
585 2943 620 2991 Za
636 2942 764 3007 Apuleius,
781 2943 829 2992 Rh.
846 2943 911 3006 Mus.
928 2943 970 2992 XI:
987 2960 1012 3008 p.
1030 2945 1069 2994 89.

377 3027 401 3089 2)
418 3026 446 3076 P.
468 3010 626 3084 Modolana,
649 3023 743 3090 Apule‘e
761 3025 889 3090 magicien‚
906 3026 965 3076 Rev.
983 3027 1006 3077 d.
1025 3027 1086 3076 deux
1103 3029 1184 3078 mend.
1201 3033 1259 3078 torn.
1279 3029 1318 3088 85,
1335 3044 1359 3092 p.
1379 3029 1440 3088 584;

342 3111 374 3160 ci.
391 3115 416 3158 et
432 3111 502 3158 Rom.
520 3115 544 3157 at
560 3124 623 3172 mag.
642 3125 667 3173 p.
684 3106 733 3160 257
750 3125 786 3173 sq.

376 3194 400 3252 3)
419 3192 446 3240 P.
462 3191 620 3250 Morantur,
637 3193 684 3255 Ap.
701 3207 764 3254 mag.
782 3207 806 3255 p.
824 3191 880 3251 601,
898 3192 929 3240 ci.
947 3197 971 3241 et
986 3191 1056 3243 Rom.
1074 3199 1099 3242 et
1115 3209 1178 3258 mag.
1196 3209 1221 3258 p.
1238 3193 1295 3243 291.

376 3276 400 3336 4)
417 3273 445 3322 P.
462 3273 620 3333 Mortuum,
638 3274 684 3338 Ap.
702 3289 766 3338 mag.
782 3290 806 3338 p.
825 3274 969 3334 tol-60&
987 3277 1017 3326 cl.
1035 3282 1059 3326 ot
1074 3277 1144 3326 Rom.
1160 3281 1184 3326 et
1192 3292 1255 3340 mag.
1264 3291 1288 3341 p.
1298 3273 1443 3328 292-307.
