3346 5376
814 503 926 568 -86

355 708 422 753 asae
446 688 562 754 horum
585 690 756 775 geniorum
780 689 905 754 ordines
929 687 1111 752 statuebant
1126 685 1159 768 ¹).
1186 687 1360 754 Plotinum¹
1376 709 1453 754 vero

355 815 387 874 et
417 810 477 874 hac
507 813 541 874 in
572 831 606 875 re
636 792 732 897 longe
763 816 883 875 ceteros
906 811 1110 875 antecessisse
1133 808 1230 874 refert
1252 809 1453 896 Porphyrius

356 929 531 1016 discipulus
566 933 601 995 in
636 933 695 996 vit.
730 931 814 996 Plot.
854 931 912 996 10:
945 924 1007 994 'Hc
1038 929 1101 1008 γοὶο
1134 930 1185 994 κιο)
1218 932 1302 995 κοντοὶ
1334 931 1453 1009 γένεσιν

354 1051 449 1119 πλέον
470 1075 501 1116 τι
525 1051 605 1131 ἔχων
629 1054 716 1131 aare
737 1051 806 1125 τοὺς
832 1051 946 1124 ἄλλους
971 1053 985 1117 ὃ
1010 1058 1173 1134 Ποντῖνος,
1197 1051 1293 1137 idque
1317 1055 1362 1117 sic
1383 1074 1453 1138 pro-

354 1173 420 1252 bat,
443 1172 466 1238 Ι.
489 1171 532 1240 l.:
557 1174 731 1252 Αἰγύπτιος
756 1176 819 1253 γάρ
843 1199 889 1247 τις
916 1175 1010 1253 ἱερεὺς
1034 1174 1165 1239 ἀνελθὼν
1189 1175 1230 1244 εἷς
1255 1176 1310 1250 τὴν
1334 1175 1452 1252 Ῥώμην

353 1294 405 1359 acl
438 1295 488 1360 διοὶ
520 1319 598 1367 τινος
628 1296 723 1378 <tlara
755 1297 838 1377 αὐτῷ
870 1296 1051 1381 praerutila,
1084 1295 1176 1362 θέλον
1201 1320 1234 1360 τε
1260 1303 1314 1372 τῆς
1341 1297 1452 1363 ἓοοοτοῦ

352 1416 468 1496 οοΦΙοις
499 1415 653 1494 οὶτὸδειξιν
680 1417 792 1496 δοῦνοιι,
818 1417 926 1496 ἠξίωσε
948 1417 1000 1482 τὸν
1024 1425 1177 1483 Ποντῖνον
1202 1416 1252 1482 ἐπὶ
1278 1415 1348 1482 tter
1372 1420 1451 1499 οὶΦι-

352 1536 457 1603 ιιὲοθιοι
482 1543 534 1604 τοῦ
559 1537 697 1611 συνόντος
722 1541 806 1620 circi
830 1540 936 1606 einrico
959 1539 1098 1615 δοίμονος
1123 1537 1449 1615 curcumdabat

352 1659 477 1738 ἑτοίμοις
511 1660 740 1734 ὑπακούσαντος
771 1661 891 1739 γίνεται
923 1661 980 1738 μὲν
1011 1661 1040 1724 ἐν
1072 1659 1113 1740 τῷ
1148 1659 1243 1740 Ἰτείῳ
1270 1661 1287 1734 ἡ
1320 1671 1449 1736 κλῆσις·

350 1780 440 1858 μόνον
473 1781 536 1862 γὰρ
572 1783 681 1847 ἐκεῖνον
716 1783 766 1848 τὸν
802 1764 893 1847 τότόν
930 1780 1060 1862 ιιοιθιορόν
1095 1789 1191 1862 Φητιν
1222 1783 1317 1862 εὑρεῖν
1349 1783 1378 1846 ἕν
1409 1791 1449 1863 τῇ

350 1904 450 1986 Ῥώμῃ
480 1903 531 1969 τὸν
563 1904 745 1982 Αἰγύπτιον.
779 1904 930 1978 κληθέντα
962 1904 993 1968 δὲ
1024 1904 1067 1977 εἷς
1092 1903 1286 1984 atrociam)
1310 1904 1360 1969 riv
1385 1905 1451 1970 tat-

350 2048 440 2104 μονοι,
465 2026 527 2090 θεὸν
553 2025 650 2090 ἐλθεῖν
674 2025 726 2090 acl
750 2027 794 2101 ab
818 2029 871 2090 τοῦ
896 2020 1144 2102 recalescebat
1168 2025 1284 2102 γένους.
1308 2021 1371 2090 ὅθεν
1396 2023 1449 2089 τὸν

350 2147 521 2226 Αἰγύπτιον
551 2148 664 2213 εἰπεῖν·
688 2146 838 2227 acutam
863 2143 901 2226 sl,
926 2147 988 2212 θεὸν
1012 2143 1092 2226 ἔχων
1116 2145 1166 2210 τὸν
1187 2145 1320 2224 balam
1339 2146 1391 2210 aci
1413 2148 1445 2212 οὐ

351 2272 404 2334 τοῦ
444 2269 605 2349 ὑφειμένον
642 2269 746 2346 γένους
783 2269 834 2333 τὸν
868 2267 996 2334 σννόντοι
1028 2282 1098 2334 art.
1134 2268 1204 2333 Hoc
1234 2267 1449 2354 Porphyrius,

349 2390 482 2469 Plotini,
506 2396 544 2456 ut
567 2391 819 2469 observavimus,
845 2389 1032 2476 discipulus,
1056 2391 1193 2476 scriptor
1216 2389 1277 2455 fide
1297 2390 1383 2455 haud
1401 2392 1450 2454 in-

352 2513 479 2600 dignus,
503 2515 711 2598 veritatisque
734 2513 932 2599 indagandae
951 2514 1177 2598 sagacissimus
1190 2517 1226 2592 ³).
1252 2510 1326 2578 Sive
1345 2514 1450 2598 igitur

351 2633 462 2700 fraude
504 2636 749 2720 praestigiisque
783 2655 857 2699 usos
892 2655 959 2700 esse
993 2633 1163 2719 theurgos,
1200 2635 1268 2699 sive
1301 2634 1450 2700 inanibus

352 2758 539 2841 semetipsos
575 2756 733 2841 decepisse
764 2756 1023 2843 cogitationibus,
1062 2757 1129 2821 sive
1168 2755 1323 2841 quidquid
1362 2755 1451 2820 aliud

352 2875 390 2941 de
422 2875 581 2941 eiusmodi
612 2882 735 2942 statuas
758 2878 967 2955 caerimoniis,
992 2877 1051 2941 hoc
1074 2875 1163 2941 nullo
1187 2876 1282 2941 modo
1305 2879 1339 2940 in
1363 2876 1453 2942 dubi-

351 3001 506 3064 tationem
536 3019 647 3064 vocare
677 2999 724 3064 fas
756 3003 812 3081 est,
844 3000 922 3084 ipsis
953 3001 987 3062 in
1017 2997 1164 3064 Isiacaeis
1187 2999 1363 3064 sacerdotes
1387 2999 1449 3064 diis

351 3121 620 3207 daemonibusque
644 3120 807 3187 eliciendis
832 3141 961 3207 operam
985 3121 1116 3186 dedisse.

396 3241 482 3322 Quae
506 3263 580 3306 cum
602 3245 648 3308 ita
672 3245 746 3321 sint,
770 3264 844 3308 cum
865 3244 1081 3330 Aegyptiacae
1101 3241 1251 3327 religioni
1271 3244 1449 3328 antiquitus

349 3367 467 3429 inesset
484 3366 610 3449 magia,
635 3386 771 3450 cumque
794 3365 971 3430 sacerdotes
995 3369 1028 3429 et
1050 3365 1280 3452 posterioribus
1299 3367 1451 3450 tempori-

351 3486 411 3551 bus
441 3488 583 3572 magicas
614 3485 754 3551 colerent
785 3483 981 3571 disciplinas,
1014 3507 1172 3573 magnum
1203 3485 1344 3572 profecto
1367 3486 1450 3551 foret

351 3607 555 3686 miraculum,
591 3609 802 3694 omnibusque
834 3609 970 3693 magicis
1002 3607 1184 3674 mirabilius
1214 3606 1388 3684 miraculis,
1422 3609 1450 3673 si

351 3733 455 3794 aetate
477 3732 687 3815 imperatoria¹
703 3733 737 3794 in
760 3732 983 3794 sacratissimis
1005 3729 1099 3796 Isiaci
1122 3730 1230 3796 cultus
1249 3733 1449 3796 caerimoniis

350 3849 438 3916 locus
461 3852 591 3915 omnino
614 3848 724 3914 nullus
747 3849 862 3914 fuisset
885 3843 1023 3936 magiae.

289 3957 290 3960 ¹
394 3970 456 4036 Sed
487 3977 525 4044 et,
549 3974 717 4057 scriptores
742 3977 773 4036 et
796 3975 912 4058 papyri
934 3974 1054 4058 magici
1078 3975 1225 4040 certiores
1248 3995 1303 4040 nos
1326 3975 1449 4052 faciunt

351 4092 388 4157 de
426 4095 601 4179 mysteriis.
643 4093 792 4157 Primum
823 4097 933 4157 autem
964 4092 1052 4157 locus
1082 4091 1138 4157 ille
1170 4115 1206 4158 ex
1240 4093 1388 4183 Origine,
1419 4118 1446 4161 c.

386 4247 409 4305 i)
426 4244 463 4292 Do
480 4244 550 4308 genio
568 4244 665 4309 proprio
683 4245 714 4294 of.
731 4243 771 4294 Ps.
790 4243 879 4294 Iambl.
897 4243 934 4292 Do
951 4249 1022 4308 myst.
1039 4243 1082 4303 IX,
1100 4245 1123 4303 2,
1142 4245 1165 4294 6.

383 4325 410 4389 2)
428 4325 466 4375 of.
484 4326 513 4375 da
532 4324 644 4393 οιῖιτοψίᾳ
664 4330 675 4388 §
693 4327 716 4376 2.

383 4409 408 4470 a)
434 4408 471 4458 Of.
496 4409 605 4472 Zanclen,
631 4409 686 4465 Die,
703 4408 863 4478 Philosophia
889 4410 930 4460 dor
956 4408 1101 4469 Griechenl,
1128 4416 1186 4462 tom.
1213 4411 1261 4472 III,
1286 4417 1350 4477 part.
1376 4413 1399 4473 2,
1424 4431 1448 4479 p.

350 4490 407 4551 636,
426 4491 482 4548 aad,
