3346 5376
741 523 784 590 95

217 706 310 772 ddcca
339 710 381 771 da
412 708 481 771 dieo
508 709 617 788 proed,
649 711 782 794 pouvait
812 708 911 774 lirrer
941 711 959 774 a
989 713 1045 794 qui
1069 710 1131 775 bon
1156 710 1205 776 lui
1231 732 1310 776 sem-

212 829 301 906 blait,
332 828 443 895 l'acoes
473 829 511 894 de
539 829 571 894 la
594 829 743 898 chambre
767 831 907 908 funebre,
933 852 974 895 ou
1001 834 1112 897 treiter
1136 853 1262 899 comme
1284 833 1310 898 il

214 949 419 1027 l'entendait,
453 949 499 1015 les
542 953 651 1015 tristes
690 957 790 1016 restes
825 953 880 1036 qui
918 951 1036 1017 dtaient
1060 925 1180 1018 'confise
1211 955 1230 1019 d
1262 973 1311 1019 ses

213 1076 308 1139 soins.
344 1073 389 1138 Le
420 1074 580 1158 magicien
611 1093 650 1137 en
677 1072 884 1138 s’assimilant
906 1074 925 1138 a
948 1072 1007 1152 lui,
1031 1075 1147 1140 entend
1170 1080 1322 1164 montrer

214 1217 277 1262 aun
309 1194 405 1259 meua
436 1193 517 1280 qu'il
548 1216 587 1259 ne
619 1194 678 1258 fait
701 1215 758 1281 pas
783 1195 821 1260 de
844 1197 954 1260 vaines
978 1217 1141 1264 menaoes:
1166 1197 1218 1263 s'il
1240 1196 1313 1263 leur

212 1313 335 1382 declaro
358 1315 440 1401 qu'il
464 1314 634 1381 descendra
658 1338 699 1382 au
719 1317 871 1383 tombsau
892 1316 1024 1382 d’Osiris
1044 1323 1075 1382 et
1093 1339 1131 1382 en
1150 1319 1314 1384 arraohera

212 1437 245 1504 la
273 1440 403 1515 momie,
436 1437 512 1502 c’est
536 1459 598 1522 que
621 1458 655 1502 sa
678 1438 795 1524 charge
818 1439 856 1503 de
878 1441 979 1520 prend
999 1437 1092 1503 dc‘coa
1115 1441 1157 1503 da
1180 1441 1259 1517 αἰασν,
1284 1448 1314 1504 et

214 1561 255 1623 dac
286 1559 357 1623 dieo
385 1561 486 1640 prend
517 1551 566 1624 lui
599 1559 700 1625 donne
730 1531 856 1626 l’accds'
874 1559 954 1626 libre
978 1564 1092 1647 supres
1115 1561 1159 1626 du
1182 1562 1257 1627 dieu
1281 1568 1314 1627 et

213 1687 286 1746 tout
315 1684 452 1768 pouvoir
483 1681 587 1767 d’agir
616 1703 739 1746 comme
771 1683 833 1747 bon
864 1681 912 1747 lui
941 1681 1083 1748 semble”
1098 1681 1132 1764 1).
1168 1671 1311 1770 Denique

212 1825 326 1890 magos
362 1805 549 1889 semetipsos
585 1803 717 1869 deorum
751 1803 821 1870 loco
855 1803 1004 1870 habuisse
1040 1813 1135 1890 atque
1170 1812 1208 1870 ut
1238 1805 1311 1871 deos

213 1926 420 1992 daemonibus
450 1928 668 2012 imperavisse,
700 1947 775 1991 cum
805 1925 904 1992 multi
936 1926 990 1992 alii
1020 1929 1054 1992 in
1080 1930 1216 2015 papyris
1239 1927 1310 2008 loci,

213 2055 286 2114 tum
317 2054 349 2113 et
378 2047 460 2113 illud
490 2051 522 2112 in
554 2069 626 2134 pap.
659 2047 695 2115 V.
728 2048 786 2114 col.
821 2047 856 2114 7⁸
879 2047 922 2114 23
954 2053 1100 2128 testatur,
1131 2051 1191 2127 ἐγώ
1217 2049 1311 2130 (sco‘

214 2171 364 2260 θεσυργὸς)
395 2171 457 2248 εἰμι
475 2173 606 2249 Ὄσιρις,
628 2169 849 2246 ὁκαλούμενος
871 2167 944 2250 ὕδωρ
957 2149 999 2252 21)·
1025 2171 1084 2248 ἐγώ
1110 2172 1172 2248 εἶναι
1191 2165 1269 2244 Ἶσις
1292 2172 1309 2246 ἦ

215 2290 387 2369 καλουμένη
411 2290 523 2371 δρόσος,
547 2298 585 2357 ut
608 2292 708 2357 ferme
733 2291 866 2356 Osiridis
890 2297 985 2376 atque
1010 2291 1104 2356 Isidis
1124 2295 1158 2356 in
1181 2295 1311 2379 papyris

216 2418 348 2503 magicis
359 2413 383 2496 3)
400 2437 530 2481 necnon
543 2421 576 2480 et
586 2417 620 2478 in
632 2414 757 2480 tabellis
770 2414 947 2479 devotionis
957 2416 983 2488 ⁴)
995 2417 1121 2499 saepius
1132 2413 1169 2478 fit
1180 2417 1310 2480 mentio.

259 2539 303 2604 Ut
332 2539 441 2623 paucis
472 2557 541 2602 rem
565 2536 832 2622 complectamur:
858 2539 974 2613 omnia,
999 2557 1078 2622 quae
1104 2538 1171 2601 sive
1195 2537 1233 2602 de
1259 2558 1311 2602 ve-

103 2669 112 2690 ·
213 2663 403 2737 iustissima,
436 2663 502 2725 sive
535 2661 572 2726 de
603 2664 777 2726 recentiore
799 2661 1026 2747 Aegyptorum
1049 2659 1216 2746 religione,
1241 2664 1309 2727 sive

213 2805 252 2848 ex
282 2782 373 2848 libris
405 2785 472 2847 sive
503 2803 541 2847 ex
564 2786 694 2869 papyris
718 2785 853 2868 magicis
876 2785 911 2848 in
933 2783 1077 2848 medium
1101 2783 1305 2869 protulimus,

209 2904 392 2971 luculenter
415 2925 473 2969 nos
497 2905 619 2983 docent,
643 2908 805 2990 magicam
828 2912 930 2970 artem
954 2927 1029 2970 cum
1052 2909 1190 2992 mystico
1214 2905 1310 2972 Osiri·

210 3028 260 3092 dis
281 3033 376 3112 atque
395 3027 489 3092 Isidis
508 3027 598 3092 cultu
617 3029 663 3091 ita
682 3027 780 3091 fuisse
800 3030 935 3113 aprima
955 3030 1078 3114 origine
1095 3030 1306 3106 coniunctam,

209 3156 249 3215 ut
272 3148 362 3214 nullo
385 3149 480 3214 modo
503 3148 576 3213 inde
607 3146 719 3214 divelli
752 3154 855 3232 queat.
886 3147 983 3212 Recte
1013 3150 1117 3234 igitur
1146 3147 1183 3212 P.
1216 3147 1308 3214 Mort-
1375 3199 1378 3208 .

245 3447 270 3506 1)
287 3443 324 3492 De
341 3443 486 3492 decanorum
502 3443 624 3504 potestate
638 3438 709 3502 plura
727 3436 863 3486 invenimus
880 3437 945 3501 apud
960 3437 1026 3487 Stob.
1042 3436 1095 3486 uel.
1111 3437 1180 3502 pbys.
1195 3435 1232 3485 ed.
1248 3434 1309 3484 Hee-

208 3543 261 3587 ren,
282 3535 341 3577 tom.
365 3525 387 3585 Ι,
409 3542 432 3590 p.
451 3523 581 3572 sss-481
601 3522 626 3570 in
643 3522 778 3584 fragmento
796 3521 900 3585 quodem
918 3537 946 3570 ex
964 3521 1034 3570 libris
1051 3519 1205 3570 Hermetieis.
1231 3518 1310 3567 Erant

208 3615 293 3660 autem
310 3605 404 3656 asmo
422 3605 551 3670 superioris
571 3603 661 3652 ordinis
679 3603 815 3660 daemones,
833 3602 934 3666 triginta
952 3619 991 3652 sex
1010 3619 1118 3660 numero,
1137 3601 1179 3666 qui
1200 3600 1309 3650 decurias

208 3693 338 3744 stellarum
360 3691 385 3738 in
408 3689 511 3738 Zodiaco
534 3687 709 3752 gubernabant.
736 3685 786 3734 Nec
811 3701 859 3734 non
878 3692 902 3734 et
919 3702 1021 3750 magnae
1039 3701 1122 3736 eorum
1140 3690 1211 3734 erant
1227 3689 1309 3748 partes

209 3777 234 3826 in
259 3776 331 3824 rebus
354 3772 474 3832 humanis,
492 3771 524 3820 ib.
541 3787 565 3834 p.
584 3769 646 3822 474:
666 3771 799 3830 βασιλειῶν
817 3769 984 3829 aasumensi,
1002 3770 1096 3818 πόλεων
1114 3763 1307 3824 ἐπαναστάσεις,

209 3856 302 3918 astaol,
325 3855 402 3916 λιμοί,
426 3854 542 3915 bunasse
565 3849 897 3913 caesorumcaesorum·
916 3849 984 3899 οὐδὲν
1002 3849 1098 3899 τούτων
1117 3879 1145 3888 -
1165 3845 1242 3912 χωρὶς
1261 3848 1308 3904 σῦς

208 3939 306 3989 τούτων
328 3935 448 4000 ἐνεργείας
472 3934 597 3998 γίγνεται.
622 3933 658 3982 Ex
683 3933 748 3982 Libr.
766 3948 847 3996 apocr.
866 3932 947 3992 Meis,
965 3950 989 3997 p.
1008 3934 1065 3993 192,
1082 3933 1127 3982 20:
1146 3929 1308 3994 ἀρχάγγαλσι

207 4021 321 4078 bandvon,
351 4021 439 4070 efficias
467 4036 507 4068 eos
535 4016 687 4080 archangelis
710 4014 852 4064 obedivisse.
878 4014 915 4065 cf.
942 4016 1045 4080 denique
1068 4015 1188 4080 egregiam
1213 4010 1310 4061 Partbii

207 4104 392 4155 adnotationem
410 4102 441 4150 ad
458 4101 517 4165 Pap.
535 4099 619 4148 Parth.
636 4098 657 4155 Ι,
676 4097 732 4150 207.

242 4189 267 4249 2)
285 4187 322 4237 cl.
340 4185 406 4235 Plut.
423 4185 459 4234 De
476 4183 509 4233 Is.
527 4183 618 4240 etos,
637 4181 676 4240 36,
694 4180 795 4246 Hippol.
813 4181 874 4230 Adv.
893 4179 975 4240 Haeo,
992 4197 1016 4245 p.
1035 4181 1092 4241 142,
1110 4178 1177 4243 Orig.
1193 4177 1221 4228 (l.
1236 4176 1308 4236 Cels,

208 4271 238 4332 V,
257 4271 297 4328 38,
315 4269 413 4318 Heliod.
430 4268 509 4326 seth,
526 4266 570 4326 lx,
590 4265 612 4314 9.

243 4354 268 4415 3)
292 4353 328 4402 cf.
353 4353 412 4416 Pap.
435 4349 463 4410 V,
487 4349 533 4399 col.
558 4351 587 4396 ba
611 4349 633 4405 9,
652 4345 749 4395 naas
769 4361 803 4409 sq.
823 4345 864 4396 Gr.
882 4344 959 4410 egyp.
977 4345 1031 4409 urg.
1049 4361 1071 4394 o.
1087 4343 1153 4408 Mag.
1170 4343 1208 4393 ed.
1226 4342 1302 4392 Good·

205 4437 264 4494 win,
283 4453 306 4500 p.
326 4436 364 4486 10.
382 4435 419 4487 cf.
439 4440 462 4483 ct
480 4433 580 4483 huiusce
599 4427 776 4478 dissertationis
795 4431 807 4490 ς
825 4429 857 4477 14
876 4445 899 4493 p.
918 4429 958 4477 60.

243 4518 323 4580 4)(11.
345 4517 462 4575 Wiinscru
481 4512 648 4565 Setbianisohe
667 4509 919 4575 Varduchungstaleln
936 4526 979 4559 aus
997 4510 1066 4571 Rom,
1083 4526 1107 4576 p.
1126 4508 1233 4558 83-86.
1261 4535 1263 4541 ·
