3346 5376
282 4251 290 4281 i

886 515 949 582 104

372 705 453 785 „Die
473 704 542 770 Zeit
562 701 785 770 Constantin's
804 701 833 766 d.
851 699 930 767 Gr.’'
943 720 975 784 p.
990 695 1053 762 196
1065 717 1128 782 sq:
1152 693 1389 780 „Dasliinniga
1401 707 1466 758 was

370 829 422 894 bei
453 827 559 891 diesen
582 823 718 889 Weihen
741 823 800 888 auf
820 825 888 888 eine
913 819 1154 908 systematische
1178 815 1388 901 Behandlung
1411 803 1465 879 des

370 950 532 1035 geistigen
555 945 736 1012 Menochen
758 943 934 1025 hindeutet,
955 939 1033 1006 sind
1045 941 1095 1004 die
1114 938 1331 1024 besttndigen,
1351 937 1467 1046 gewiss

339 1055 341 1059 ’
371 1070 459 1135 nicht
482 1091 561 1155 ganz
584 1065 868 1133 unwilllriirlichen
892 1064 1039 1145 Trdume,
1065 1061 1212 1128 wahrend
1234 1059 1467 1126 welcherman

372 1191 431 1256 den
466 1188 580 1254 Willen
611 1189 667 1253 der
682 1219 683 1224 κ
696 1184 755 1252 Isis
792 1187 871 1251 iiber
904 1183 965 1249 alle
999 1182 1065 1247 und
1095 1180 1234 1268 jegliche
1268 1179 1466 1267 Angelegen-

371 1313 480 1378 heiten
515 1312 697 1376 vernimmt.
739 1307 848 1373 Neben
884 1303 1107 1392 cigentliohem
1143 1303 1267 1389 Betrug
1289 1317 1363 1368 'von
1398 1323 1467 1367 eus

372 1454 435 1512 sen,
471 1433 526 1498 der
556 1435 590 1518 je
625 1431 697 1496 dem
733 1429 940 1495 Schlafendon
974 1426 1111 1492 Triume
1146 1427 1207 1490 in’s
1237 1425 1303 1490 Ohr
1332 1423 1464 1489 fidetem

371 1555 466 1633 kann,
502 1556 545 1618 ist
581 1554 660 1618 doeh
696 1551 779 1617 auch
817 1553 899 1616 eino
921 1548 1088 1626 dauernde,
1123 1545 1286 1612 liinstlich
1309 1545 1463 1633 gentihrte

371 1675 683 1762 Nervenaufregung
715 1695 774 1760 gar
796 1673 881 1740 wohl
894 1673 1076 1739 'denkbar’'.
1112 1671 1157 1738 Ac
1179 1668 1302 1734 nullam
1324 1667 1465 1754 profecto

370 1800 480 1863 movet
510 1797 762 1875 admirationem,
795 1797 940 1862 homines
970 1797 1026 1880 qui
1054 1792 1195 1858 interdiu
1225 1793 1287 1857 toti
1316 1787 1464 1855 incultu

370 1920 489 1984 fuerint
511 1917 615 1996 Isidis,
640 1923 672 1983 et
695 1923 786 1984 nocte
809 1920 843 1982 in
867 1918 999 1983 somniis
1023 1914 1140 1982 vidisse
1160 1914 1287 1979 lsidem.
1312 1912 1464 1977 Firmiter

370 2062 485 2126 nempe
508 2045 673 2105 teneamus
697 2045 829 2124 oportet,
854 2037 1025 2103 initiandos
1049 2058 1111 2102 non
1135 2035 1249 2114 solum,
1274 2040 1311 2100 ut
1333 2037 1367 2098 in
1390 2031 1462 2098 aliis

371 2163 545 2250 mysteriis,
576 2181 693 2247 paucos
723 2183 780 2247 per
811 2160 877 2226 dies
900 2179 1041 2226 servasse
1065 2159 1193 2236 ἁγνείαν
1207 2155 1248 2242 ¹),
1267 2156 1321 2222 sed
1344 2162 1376 2222 et
1398 2155 1464 2220 lon-

372 2286 446 2371 gius
476 2304 533 2368 per
561 2297 691 2367 tempus
724 2280 892 2360 „sedulum
923 2280 1045 2360 colendi
1076 2282 1225 2345 numinis
1247 2280 1466 2343 ministerium

372 2403 619 2490 frequentasse'’.
654 2403 726 2488 Ipse
757 2403 794 2468 de
824 2423 857 2468 se
889 2403 965 2466 haec
995 2401 1092 2466 refert
1121 2400 1288 2487 Apuleius,
1320 2397 1376 2482 XI,
1403 2397 1463 2463 19:

375 2524 526 2605 „aedibus
557 2525 719 2590 conductis
749 2526 833 2589 intra
864 2528 1051 2608 conseptum
1083 2521 1198 2608 templi
1220 2521 1322 2586 larem
1345 2526 1465 2606 tempo

373 2649 494 2712 rarium
525 2647 606 2710 mihi
638 2648 797 2712 constituo
822 2644 897 2711 deae
920 2647 1108 2710 ministeriis
1132 2644 1235 2708 adhuc
1257 2645 1391 2728 privatis
1415 2641 1467 2708 ad-

373 2769 496 2852 positus
527 2767 802 2851 contuberniisque
833 2766 1030 2831 sacerdotum
1060 2765 1246 2830 individuus
1270 2771 1302 2830 et
1322 2766 1467 2847 numinis

374 2891 485 2974 magni
516 2887 619 2954 cultor
648 2887 901 2973 inseparabilis''.
938 2887 1024 2968 Quae
1056 2889 1162 2952 omnia
1188 2891 1220 2952 et
1243 2888 1388 2964 animum
1412 2887 1466 2950 ini·

373 3011 476 3075 tiandi
498 3012 616 3076 sensim
635 3012 856 3088 commovisse,
876 3015 907 3075 et
929 3008 1170 3094 „phantasiam”
1190 3009 1281 3073 cuius
1300 3009 1335 3071 in
1356 3005 1466 3072 inrect-

374 3155 419 3197 σει
446 3155 511 3197 non
534 3134 688 3198 minimae
712 3137 788 3197 sunt
810 3136 925 3217 partes,
950 3133 1070 3196 mirum
1093 3133 1127 3194 in
1151 3130 1283 3195 modurn
1307 3131 1465 3208 incitasse,

374 3275 438 3318 non
474 3259 522 3318 est
552 3254 635 3338 quod
666 3256 700 3318 in
732 3254 866 3319 dubium
897 3250 1097 3334 vocemusl).
1140 3251 1261 3332 Quodsi
1291 3252 1466 3337 Apuleium

375 3395 461 3441 sacra
499 3377 534 3439 in
569 3381 661 3441 nocte
695 3379 780 3442 inter
813 3376 892 3442 alias
928 3377 1133 3442 caerimonias
1168 3413 1210 3425 —
1245 3395 1348 3460 neque
1381 3376 1467 3440 anun

376 3560 546 3570 *-

409 3669 432 3730 1)
456 3667 575 3733 Apuleius
598 3673 654 3716 ente
677 3665 840 3715 initiationem
865 3665 971 3730 primum
994 3645 1079 3724 „sueto
1100 3664 1214 3714 lauacro’'
1236 3656 1348 3724 traditur,
1366 3663 1468 3728 eiqnee

375 3751 498 3800 sacerdote
521 3749 669 3815 praecipitur
692 3749 790 3808 „decem
808 3747 928 3797 continuis
948 3747 999 3796 illis
1015 3751 1056 3810 (se.
1074 3752 1130 3796 ante
1147 3747 1319 3809 initiationem)
1336 3747 1421 3796 diebus
1438 3746 1470 3796 ci·

374 3833 469 3882 beriam
491 3831 801 3897 voluptatem'oohereeret
822 3847 900 3895 neque
921 3830 1001 3879 ullum
1025 3829 1117 3879 animal
1140 3835 1202 3879 esset
1218 3836 1242 3880 et
1258 3830 1364 3879 invinius
1381 3829 1468 3889 esset”‚

374 3915 434 3965 Met.
459 3915 503 3975 XI,
528 3915 560 3964 23
585 3930 657 3980 quem
677 3915 759 3963 locum
783 3915 826 3975 §9
849 3929 873 3977 p.
899 3911 929 3965 37
953 3928 987 3976 sq.
1014 3913 1150 3962 attulimus.
1176 3913 1208 3962 Et
1231 3913 1256 3961 in
1273 3913 1329 3962 eliis
1347 3912 1468 3978 mysteriis

374 3997 458 4047 eedem
475 3999 524 4047 iere
541 4013 648 4047 servasse
665 3996 804 4054 initiandos,
823 3999 834 4058 ς
852 3995 884 4043 14
900 3994 1013 4044 vidimus.
1081 3995 1083 4001 ’

408 4079 433 4140 2)
455 4079 493 4128 cf.
516 4079 630 4138 Lirem,
652 4078 716 4128 Hist.
738 4079 761 4128 d.
784 4076 844 4127 cult.
867 4077 908 4126 dee
928 4076 1467 4146 div.d'Alex.p.112:„Oesebstinences,

343 4225 346 4232 Δ
370 4161 494 4224 'jointest
510 4163 582 4213 l'e‘tet
598 4162 627 4211 de
646 4161 836 4226 contemplation
855 4161 914 4210 dens
930 4159 1011 4224 lequel
1028 4161 1052 4210 le
1067 4159 1187 4226 neophyto
1204 4177 1219 4210 a
1236 4159 1295 4210 re'eu
1313 4178 1344 4210 an
1360 4162 1418 4210 fond
1433 4163 1466 4211 dn

373 4243 474 4307 temple,
496 4243 565 4309 prive‘
583 4245 615 4293 du
633 4259 766 4294 commerce
783 4244 824 4292 des
841 4243 949 4292 hommes
968 4249 992 4292 et
1010 4242 1101 4292 confind
1121 4260 1150 4292 en
1167 4244 1269 4310 quelque
1287 4250 1351 4294 sorte
1368 4245 1428 4294 dens
1445 4245 1469 4294 le

374 4325 487 4376 demaine
505 4327 546 4376 des
563 4327 646 4376 choses
664 4327 764 4385 saintes,
781 4325 844 4375 l'ont
861 4324 944 4375 emend
961 4325 975 4374 d
992 4341 1038 4374 une
1055 4325 1159 4375 semaiae
1175 4327 1308 4377 exaltatior
1325 4327 1409 4387 douae,
1428 4327 1469 4392 qui

374 4409 467 4472 change
491 4425 521 4458 en
543 4425 628 4458 amour
650 4410 674 4458 le
695 4413 789 4474 respect
812 4423 857 4473 qne
879 4408 915 4457 lui
930 4408 1043 4473 inspirait
1059 4409 1084 4458 la
1102 4407 1204 4458 divinite
1211 4431 1217 4469 ;
1235 4409 1281 4458 Isis
1301 4415 1338 4459 eet
1354 4425 1415 4474 pour
1431 4409 1468 4460 lui

374 4508 421 4542 une
439 4507 569 4559 compagae
586 4493 646 4543 dont
662 4492 687 4542 la
705 4508 753 4542 rue
771 4491 835 4541 suffit
853 4506 914 4558 pour
930 4491 954 4540 le
971 4491 1035 4542 revir
1053 4509 1082 4541 en
1100 4491 1204 4544 enteee''.
