3404 5368
867 480 909 547 52

332 665 436 752 longe.
452 664 544 729 aliter
563 685 612 729 res
633 685 665 729 se
683 664 788 728 habet.
811 662 873 727 Vix
892 663 998 729 ullum
1010 669 1077 730 tota
1089 667 1279 750 antiquitate
1291 667 1435 731 invenias

333 792 504 870 auctorem,
538 788 593 871 qui
625 784 717 871 plura
749 785 787 850 de
819 788 962 870 spectris,
999 786 1038 851 de
1068 792 1271 852 mortuorum
1302 788 1434 870 umbris,

333 914 428 994 atque
463 910 591 972 omnino
626 907 664 972 de
698 907 791 972 rebus
826 909 917 972 min's
952 910 1150 993 magicisque
1184 909 1332 994 proferat.
1364 911 1434 996 Age

332 1036 440 1119 ipsum
464 1031 594 1109 librum,
625 1030 710 1095 unde
734 1028 907 1094 Isiacarum
931 1032 1195 1095 caerimoniarum.
1219 1031 1435 1096 desumsimus

335 1155 587 1239 descriptionem,
619 1155 844 1238 inspiciamus;
880 1153 918 1218 ab
950 1155 1044 1218 initio
1079 1153 1118 1217 ad
1148 1153 1245 1218 finem
1275 1153 1435 1219 mirabilia

335 1279 532 1342 somniorum
563 1279 727 1341 occurrent
762 1277 840 1352 visa,
876 1273 1055 1352 simulacra,
1090 1273 1358 1351 terriculamenta,
1389 1277 1435 1338 in-

334 1403 544 1478 cantationes,
587 1399 891 1485 transfiguraticnes.
936 1397 997 1464 'lot
1032 1396 1187 1463 miracula
1221 1399 1306 1463 haud
1341 1398 1434 1465 facile

333 1528 492 1588 enarasset
522 1523 665 1605 scriptor,
698 1522 760 1584 nisi
788 1525 909 1584 tantam
934 1540 972 1583 ex
995 1518 1158 1584 miraculis
1181 1523 1314 1606 cepisset
1337 1519 1434 1587 delec-

332 1648 497 1710 tationem.
512 1644 573 1709 Sed
588 1647 697 1730 ipsum
709 1645 816 1729 potius
828 1643 867 1708 de
879 1646 1049 1728 semetipso
1062 1643 1229 1708 audiamus
1241 1649 1432 1710 narrantem.

379 1765 509 1843 Lucius,
539 1767 594 1850 qui
626 1767 745 1850 primas
777 1765 910 1829 huiusce
941 1764 1068 1829 fabulae
1092 1767 1161 1850 agit
1184 1769 1299 1850 partes,
1325 1768 1358 1830 in
1382 1787 1434 1851 op·
1520 1767 1522 1771 ’

334 1888 407 1974 pido
437 1888 578 1974 Hypatis
609 1907 689 1972 quae
721 1889 851 1950 visurus
883 1887 925 1950 sit
956 1886 1126 1969 mirabilia,
1159 1907 1268 1952 secum
1295 1892 1433 1973 reputat,

336 2013 471 2088 „anxius
502 2008 665 2095 alioquin”
691 2046 733 2057 -
757 2013 795 2072 ut
823 2011 926 2093 ipsius
957 2015 1030 2073 utar
1062 2010 1233 2074 verbis-
1260 2014 1314 2086 „et
1337 2011 1434 2073 nimis

334 2132 468 2216 cupidus
499 2130 707 2217 cognoscendi
738 2151 818 2215 quae
850 2151 920 2194 rara
942 2133 1086 2215 miraque
1111 2137 1195 2216 sunt,
1220 2137 1433 2218 reputansque

335 2275 386 2319 me
409 2253 514 2320 media
537 2252 718 2318 Thessaliae
740 2251 808 2317 loca
831 2258 947 2330 tenere,
972 2275 1034 2338 quo
1058 2257 1136 2319 artis
1161 2257 1305 2340 magicae
1324 2255 1434 2318 nativa

335 2379 516 2442 cantamina
534 2379 633 2441 totius
654 2375 738 2440 orbis
758 2396 893 2440 consono
915 2392 969 2439 ore
983 2375 1193 2454 celebrentur,
1207 2415 1248 2425 —
1262 2397 1433 2462 suspensus

334 2497 477 2582 alioquin
497 2503 528 2561 et
545 2502 621 2560 voto
638 2494 736 2560 simul
748 2502 781 2560 et
793 2494 899 2560 studio
911 2497 1033 2560 curiose
1046 2496 1173 2581 singula
1185 2497 1431 2562 considerabam.

334 2617 399 2684 Nec
431 2617 493 2682 fuit
524 2619 557 2681 in
587 2616 645 2680 illa
676 2619 806 2681 civitate
838 2616 923 2702 quod
945 2619 1099 2702 aspiciens
1122 2618 1155 2683 id
1178 2639 1245 2684 esse
1271 2619 1431 2684 crederem

334 2741 417 2824 quod
448 2745 540 2815 esset,
573 2739 627 2803 sed
659 2741 766 2802 omnia
800 2760 927 2824 prorsus
958 2739 1048 2804 ferali
1079 2762 1246 2806 murmure
1275 2743 1309 2804 in
1334 2739 1431 2804 aliam

335 2861 472 2946 effigiem
495 2859 657 2936 translata,
682 2867 719 2924 ut
743 2865 774 2924 et
798 2859 918 2946 lapides
938 2883 1017 2946 quos
1038 2862 1225 2928 offenderem
1246 2863 1284 2928 de
1303 2863 1431 2928 homine

334 2982 463 3046 duratos
500 2987 532 3046 et
564 3003 639 3047 aves
671 3003 748 3067 quas
780 2981 924 3046 audirem
954 2983 1096 3048 indidem
1128 2983 1289 3068 plumatas
1321 2991 1353 3049 et
1386 3005 1432 3048 ar·

333 3107 422 3170 bores
461 3125 541 3188 quae
570 3107 770 3189 pomoerium
803 3105 960 3169 ambirent
989 3105 1139 3169 similiter
1162 3105 1287 3170 foliatae
1310 3112 1343 3170 et
1365 3106 1431 3170 fon-

333 3232 424 3290 tanos
454 3225 563 3290 latices
591 3226 629 3290 de
659 3227 842 3311 corporibus
868 3228 1017 3290 humanis
1041 3226 1143 3291 fluxos
1168 3227 1338 3292 crederem.
1363 3227 1431 3292 Iam

333 3354 455 3412 statuas
480 3351 511 3411 et
533 3350 692 3433 imagines
715 3350 900 3424 incessurae,
925 3351 1061 3433 parietes
1085 3348 1256 3432 locuturos,
1281 3351 1377 3415 boves
1399 3356 1431 3414 et

331 3470 364 3534 id
392 3491 493 3556 genus
517 3490 613 3555 pecus
636 3469 774 3534 dicturas
798 3472 1013 3556 praesagium,
1039 3470 1076 3535 de
1098 3473 1167 3556 ipso
1191 3493 1266 3536 vero
1290 3469 1376 3536 coelo
1400 3475 1431 3534 ct

329 3592 449 3657 iubaris
480 3593 553 3657 orbe
584 3592 689 3656 subito
720 3599 892 3656 venturum
923 3591 1121 3656 oraculum’'.
1138 3591 1161 3672 ¹)
1192 3591 1327 3658 Obviam
1358 3597 1431 3656 tum

330 3714 409 3780 forte
439 3713 475 3777 fit
507 3713 604 3780 bucin
635 3714 793 3800 Byrrhina
821 3735 942 3799 parens,
967 3735 1105 3799 eumque
1128 3736 1167 3779 ne
1191 3714 1285 3779 malis
1309 3715 1430 3778 artibus

330 3841 362 3900 et
392 3835 576 3900 facinorosis
607 3835 813 3922 Pamphylos,
845 3837 936 3899 cuius
968 3834 1089 3900 scilicet
1119 3838 1265 3922 coniugis
1291 3836 1430 3920 hospitio

330 3963 479 4042 exceptus
513 3963 570 4034 est,
605 3978 670 4055 sese
702 3959 771 4042 capi
802 3960 952 4041 patiatur.
986 3958 1051 4033 „At
1082 3957 1162 4042 eg0’'
1190 3995 1231 4006 —
1256 3959 1300 4021 sic
1324 3961 1430 4043 pergit

329 4078 447 4143 Lucius
483 4115 525 4126 -
559 4081 723 4154 „curiosus
755 4076 907 4162 alioquin,
938 4083 975 4141 ut
1006 4080 1150 4163 primum
1181 4081 1258 4143 artis
1286 4080 1430 4164 magicae

329 4220 453 4284 semper
473 4207 619 4286 optatum
639 4221 752 4264 nomen
773 4199 892 4277 audivi,
914 4204 1040 4264 tantum
1061 4221 1079 4265 a
1097 4199 1221 4265 cautela
1234 4199 1429 4286 Pamphylos

365 4469 389 4530 1)
406 4468 467 4517 Met.
484 4466 519 4528 II,
538 4468 560 4516 l.
