3404 5368
895 546 938 612 62

501 729 596 804 deicio
621 728 810 807 ἀνθρώποισιν
836 729 918 812 ἰδεῖν,
945 728 1038 804 δεινὴν
1064 730 1094 794 τ’
1119 731 1296 809 ἐσακοῦσαι,

506 853 531 917 εἰ
554 850 599 928 μή
622 874 670 923 τις
693 851 827 923 τελετὰς
851 850 984 916 τελασεο
1008 852 1060 917 καὶ
1085 850 1201 918 θύσθλα
1225 854 1398 932 καθαρμῶν,

368 1002 465 1089 Orph.
501 1004 691 1089 Argonaut,
728 1000 793 1066 303
824 1023 870 1087 sq.
903 1000 952 1068 of.
985 1008 1019 1068 et
1048 1002 1151 1068 Procl.
1183 1003 1234 1068 Ad
1264 1001 1333 1068 Alc.
1357 1005 1463 1088 prim,

367 1117 446 1190 tom.
479 1124 520 1202 II,
550 1145 581 1209 p.
610 1123 684 1201 106,
709 1121 769 1188 ud.
795 1121 901 1202 Oous,
927 1123 1005 1210 Pap.
1030 1123 1104 1189 Par.
1129 1145 1178 1210 ap.
1202 1124 1305 1190 Dietr.
1328 1122 1408 1190 Abr.
1432 1147 1464 1210 p.

368 1243 422 1313 ¹79.
458 1245 542 1326 Quin
572 1239 627 1310 rel
657 1245 815 1332 theurgis,
847 1265 887 1310 ne
910 1245 983 1311 deos
1006 1266 1113 1311 coram
1138 1245 1325 1332 adspicient,
1349 1247 1466 1331 praeci-

367 1371 465 1454 pitur,
488 1367 559 1432 Lib.
583 1387 687 1453 apocr.
712 1367 807 1432 Meis.
832 1389 863 1453 p.
892 1366 967 1445 185,
993 1366 1032 1432 5:
1057 1365 1242 1439 εἰσελθόντος
1267 1368 1298 1433 δὲ
1322 1371 1375 1431 τοῦ
1400 1368 1464 1432 θεοῦ

367 1493 411 1569 pie
444 1488 595 1571 ἕνατθνοζε
624 1499 664 1571 τῇ
695 1489 774 1569 ὄψει,
806 1491 894 1554 ἄλλα
922 1497 987 1563 τοῖς
1011 1491 1081 1556 aori
1105 1490 1220 1568 βλέπε,
1243 1511 1275 1575 p.
1302 1488 1377 1568 186,
1404 1487 1463 1556 17:

368 1611 447 1677 ἕσαν
469 1611 589 1694 striae„
613 1606 661 1677 οὖν
685 1613 699 1678 ὅ
722 1612 796 1692 oeta,
821 1611 906 1678 κατα
931 1610 1044 1690 βλέπε.
1076 1613 1220 1698 Denique
1243 1615 1373 1678 nomina
1397 1612 1465 1678 deo·

366 1755 440 1798 rum
470 1733 726 1820 daemonumque
753 1731 867 1800 arcana*
886 1735 1038 1821 religioso
1063 1737 1182 1800 texisse
1206 1733 1334 1800 silentio
1357 1734 1465 1818 theur-¹

367 1877 436 1942 gos,
469 1877 527 1921 nec
562 1859 625 1922 nisi
658 1856 711 1922 vel
745 1859 877 1943 papyris
912 1855 965 1923 vel
999 1856 1128 1923 tabellis
1158 1878 1197 1922 ex
1228 1855 1361 1943 plumbo
1394 1854 1466 1921 albo

368 1979 516 2044 confectis
548 1980 703 2064 inscripta
739 1978 829 2064 (Pap.
864 1978 936 2044 Par.
974 1977 1079 2056 2112,
1117 1977 1221 2056 3014,
1260 1976 1361 2059 1255)
1394 1977 1466 2042 fidis

368 2103 564 2166 commisisse
588 2099 763 2186 discipulis,
787 2103 843 2165 vix
866 2105 914 2165 est
938 2099 1024 2187 quod
1047 2121 1205 2166 moneam.

413 2221 507 2287 Haud
542 2221 702 2288 absimilia
733 2225 768 2287 in
790 2225 956 2308 mysteriis
980 2224 1173 2286 invenimus.
1211 2218 1468 2306 Orpheotelestas

369 2347 456 2410 enim
484 2344 650 2410 initiandis
681 2346 885 2430 praecepisse,
918 2350 955 2408 ut
978 2343 1125 2408 lustralia
1149 2345 1346 2428 susciperent
1368 2363 1465 2420 sacra,

368 2471 406 2531 ut
429 2472 534 2531 vestes
556 2465 725 2530 induerent
746 2465 871 2544 linteas,
895 2471 933 2529 ut
955 2467 1042 2543 vino,
1063 2465 1221 2542 carnibus,
1245 2464 1379 2551 aliisque
1399 2466 1467 2550 qui-

368 2586 501 2680 busdam
534 2587 612 2653 cibis
637 2588 841 2664 abstinerent,
865 2592 1035 2652 utrorum
1058 2585 1259 2651 sordidarum
1282 2591 1465 2652 contactum

369 2711 519 2785 vitarent,
547 2707 631 2773 nulli
656 2730 719 2773 non
743 2714 858 2775 notum
880 2713 938 2786 est,
963 2709 1064 2794 deque
1086 2711 1155 2774 vita
1178 2707 1315 2794 Orphica
1337 2711 1462 2793 copiose

369 2829 547 2916 disputavit
570 2828 711 2907 nonnos,
735 2828 810 2916 Agl.
834 2834 912 2894 tom.
937 2829 963 2907 Ι,
989 2830 1046 2896 lib.
1070 2829 1113 2909 II,
1137 2852 1167 2916 p.
1193 2829 1384 2896 244-255.

414 2950 457 3016 hit
478 2953 513 3014 in
535 2949 658 3016 Sabazii
680 2950 770 3016 cultu
789 2956 914 3038 mystas
931 2950 1044 3016 multis
1062 2952 1167 3017 modis
1188 2973 1255 3017 esee
1273 2951 1465 3038 purificatos,

370 3095 409 3139 ex
439 3071 662 3138 Demosthenis
694 3075 834 3139 oratione
865 3073 928 3138 Pro
961 3095 1022 3139 cor.
1051 3097 1081 3160 p.
1108 3073 1212 3156 3131)
1236 3079 1465 3162 cognoscimus,

370 3196 428 3261 ubi
445 3195 595 3260 Aeschini
615 3195 735 3274 obiicit,
758 3195 842 3281 quod
860 3196 1025 3262 foedorum
1044 3195 1175 3262 illorum
1194 3199 1351 3283 particeps
1370 3197 1468 3263 fuerit

371 3319 553 3403 orgiorum,
597 3319 652 3392 τθρν
692 3319 750 3397 μὲν
790 3317 888 3383 νύκτα
935 3318 1075 3400 νεβρίζων
1112 3321 1164 3384 καὶ
1198 3319 1379 3400 κρατηρίζων
1414 3319 1466 3385 καὶ

371 3437 519 3518 καθαίρων
554 3438 625 3512 τοὺς
659 3439 859 3517 τελουμένους
895 3440 947 3504 καὶ
983 3439 1175 3518 οὶτοροοὶττονν
1211 3442 1253 3523 τῷ
1289 3442 1377 3523 τηλῷ
1413 3441 1466 3506 καὶ
1544 3465 1546 3470 ·

371 3569 435 3634 τοῖς
458 3560 592 3640 τοτύροοο
616 3560 668 3625 καὶ
693 3561 823 3634 οὶνοστοὶρ
846 3563 909 3627 cirri
931 3566 984 3627 τοῦ
1010 3563 1168 3643 καθαρμοῦ
1193 3577 1263 3634 κτλ.

417 3683 536 3749 Verum
567 3687 732 3772 mysteriis
761 3688 915 3771 privatim
946 3685 1113 3752 celebratis
1146 3709 1209 3753 non
1232 3693 1281 3754 est
1304 3686 1387 3773 quod
1410 3685 1467 3751 diu

370 3807 597 3889 immoremur;
629 3806 668 3870 ad
699 3805 918 3873 Samothracia
949 3811 1056 3893 potius
1079 3813 1278 3874 transeamus
1302 3808 1466 3874 solemnia.

372 3927 419 3992 De
449 3929 566 4014 quibus
595 3931 789 4014 paucissima
819 3934 947 3994 tantum
977 3932 1196 4008 innotuerunt,
1224 3933 1270 3996 ita
1293 3937 1331 3996 ut
1353 3927 1468 4018 imagi·

372 4071 445 4116 nem
468 4052 732 4116 caerimoniarum
753 4051 844 4116 nobis
866 4052 1038 4118 informare
1060 4051 1151 4117 nullo
1176 4073 1330 4138 queamus
1354 4053 1467 4137 modo;

372 4170 427 4236 sed
449 4176 573 4258 mystas
596 4171 694 4238 fascia
716 4194 875 4260 purpurea
895 4178 1039 4239 ventrem
1059 4173 1310 4261 circumfigasse,
1331 4175 1469 4241 traditur

408 4446 432 4508 l)
449 4445 502 4495 Hoc
520 4461 614 4510 quoque
631 4443 660 4495 de
676 4445 731 4495 loeo
749 4445 892 4495 conferendo
910 4451 967 4496 eunt
983 4462 1044 4511 quae
1061 4447 1152 4511 profert
1168 4446 1279 4506 Loeucu,
1297 4447 1353 4512 Agl.
1369 4451 1429 4498 tom.
1445 4447 1469 4508 Ι,

374 4530 417 4580 lib.
436 4529 471 4590 ΙΙ,
488 4546 512 4594 p.
528 4529 667 4579 osc-659.
