3346 5376
870 437 912 505 74

346 621 420 686 thee
450 626 568 699 autem,
600 624 690 688 euius
722 623 878 708 quaedam
909 629 941 688 et
971 626 1003 686 in
1034 621 1187 709 religione
1217 622 1432 688 Samothracia
1469 648 1472 653 ·

347 747 436 807 erant
471 749 575 828 partes
590 740 626 824 ¹),
661 746 694 808 in
725 745 836 831 hymn.
869 743 965 831 Orph.
997 744 1141 819 LXXIV,
1173 744 1283 810 8-10
1314 747 1358 809 sio
1386 747 1429 809 in·

346 871 493 928 vocatur:

481 1013 578 1092 όλλόι,
602 1015 655 1079 όεόι
679 1014 831 1092 δέσποινα,
855 1016 959 1092 μόλοις
983 1015 1138 1093 ἐπαρωγὸς
1165 1016 1253 1080 ἐοῦσα

481 1121 579 1195 νιρυσίν
603 1122 653 1187 ἐπ’
677 1121 835 1198 εόσέλμοις
860 1124 1000 1200 σοιτιίριος
1024 1122 1143 1200 εὔφρονι
1167 1123 1264 1205 βουλῇ

480 1243 615 1316 μύσταις
640 1243 668 1307 ἐν
693 1245 790 1324 πόντιρ
814 1243 1005 1323 ναυσίδρομον
1028 1239 1107 1322 οὖρον
1129 1242 1263 1322 ἄγουσαι.

345 1392 388 1458 lit
411 1394 612 1480 Argonautae
635 1395 673 1459 ed
698 1395 837 1461 insulam
859 1397 929 1462 ideo
953 1396 1153 1482 appulerunt,

1008 1546 1088 1626 όΦρα
1112 1547 1234 1620 δαίντες

479 1667 620 1748 α’ρριίπους
644 1669 780 1749 dyonisi
803 1670 1015 1748 τελεσφορίῃσι
1041 1669 1189 1742 θεμίστιος

479 1791 613 1871 σωότεροι
639 1791 800 1869 κρυόεσσαν
826 1791 910 1870 ὑπεὶρ
933 1789 999 1857 ἅλα
1023 1794 1240 1868 ναυτίλλοιντο,

345 1939 450 2025 Apoll.
476 1942 552 2028 Arg.
576 1940 601 2020 Ι,
627 1940 815 2007 916-918.
851 1941 936 2022 Quae
959 1949 991 2007 et
1014 1946 1047 2007 in
1070 1942 1138 2007 val.
1163 1941 1265 2008 Floee.
1289 1944 1366 2029 Arg.
1389 1942 1430 2024 Π,

346 2060 525 2126 431-440
549 2068 581 2127 st
602 2065 636 2126 in
659 2061 756 2148 Orph.
780 2063 856 2148 Arg.
883 2061 1062 2129 466-470
1085 2068 1262 2128 narrantur.
1297 2063 1339 2128 Ae
1361 2063 1432 2129 Dio

346 2180 459 2245 dorum
492 2180 636 2247 Siculum
672 2186 765 2248 iuvet
793 2183 932 2262 laudare,
963 2183 1000 2262 V,
1030 2183 1090 2248 49:
1123 2183 1326 2262 διαβεβόηται
1357 2184 1382 2248 δ’
1415 2187 1432 2260 ἦ

345 2303 456 2367 τούτων
489 2311 547 2368 τῶν
580 2307 649 2369 θεῶν
680 2307 847 2383 ἐπιΦοίνεια
879 2307 930 2370 καὶ
962 2307 1128 2386 παράδοξος
1154 2306 1183 2370 ἐν
1206 2314 1268 2376 τοῖς
1292 2307 1431 2380 κινδύνοις

345 2423 472 2502 βοιίόεια
506 2433 567 2500 τοῖς
605 2428 877 2505 ἐπικαλεσαμένοις
912 2434 970 2492 τῶν
1000 2430 1181 2504 μυιρόὲνπσιν.
1213 2465 1256 2477 -
1288 2430 1338 2492 καί
1369 2429 1432 2509 γὰρ

344 2547 467 2612 Ἰοίσονοί
489 2550 540 2612 καί
563 2550 750 2628 Διοσκόρους,
771 2549 859 2614 ἔπιδ’
881 2549 1035 2627 Ἡρακλέα
1050 2552 1101 2612 καί
1117 2548 1248 2635 Ὀρφέα,
1262 2551 1431 2625 μυνόένπας

344 2670 503 2750 ἐπιτυχεῖν
535 2672 565 2734 ἐν
596 2670 712 2741 παίσαις
743 2679 813 2740 ταῖς
842 2674 1017 2749 στρατείαις
1042 2670 1092 2734 διόι
1116 2673 1169 2740 τὴν
1193 2677 1250 2734 τῶν
1275 2671 1343 2734 όεῶν
1368 2671 1433 2736 ποό-

341 2815 400 2855 ταν
428 2792 621 2870 ἐπιφάνειαν.
657 2791 814 2872 Quorsum
839 2798 871 2856 st
892 2794 1030 2877 pertinet
1052 2794 1191 2856 narratio
1214 2795 1248 2856 in
1272 2791 1368 2856 sehol.
1392 2792 1432 2857 ad

342 2912 448 3000 Apoll.
472 2913 573 2979 Rhod.
597 2915 674 3001 Arg.
697 2914 722 2992 Ι,
748 2911 830 2980 917:
854 2915 906 2978 καί
930 2915 1153 2992 Ἀγαμέμνονα
1178 2915 1209 2979 δέ
1229 2922 1310 2990 Φασι
1331 2938 1427 2990 μεμυ-

343 3033 450 3111 ημένον
481 3035 510 3098 ἐν
540 3046 665 3115 ταραχῇ
696 3034 767 3100 όνπα
798 3045 899 3116 πολλῇ
930 3035 1014 3099 κατα
1046 3036 1158 3112 Τροίαν
1189 3034 1431 3099 ακαταστασίαν

343 3163 400 3221 τῶν
422 3158 576 3230 Ἑλλήνων
598 3162 717 3222 παῦσαι
740 3157 909 3235 πορφυρίδα
933 3157 1059 3236 ἔχοντα.
1084 3155 1224 3242 Mystico
1244 3153 1431 3222 Cabirorum

343 3281 473 3344 nomine
495 3277 634 3344 amuleto
656 3279 782 3343 ouidam
804 3281 957 3362 inscripto
976 3283 1049 3342 sunt
1069 3275 1274 3342 Vindonissae
1293 3283 1429 3362 reperto,

342 3399 381 3464 of.
413 3400 543 3481 Onnum,
574 3399 669 3464 Insor.
701 3398 757 3464 let.
790 3402 837 3464 σο.
869 3398 945 3475 440,
977 3398 1012 3462 F.
1044 3398 1245 3463 Lanosumr
1274 3397 1319 3463 Jr.
1351 3401 1373 3462 i.
1399 3420 1429 3463 ν.

344 3515 467 3597 GABIm,
498 3518 581 3584 Diet.
614 3519 643 3583 d.
668 3523 733 3583 ant.
758 3516 814 3585 Gr.
840 3525 871 3584 et
895 3517 987 3583 Rom.
1012 3525 1089 3583 tom.
1114 3518 1138 3598 I,
1164 3541 1194 3604 p.
1221 3516 1284 3585 759
1309 3541 1354 3604 sq.
1389 3517 1431 3583 Et

343 3641 478 3706 annulos
519 3640 753 3708 Samothraeios
786 3645 855 3708 vioe
890 3640 1081 3728 phylacterii
1115 3642 1238 3706 functos
1268 3662 1335 3706 esse
1369 3661 1431 3705 non

344 3765 411 3828 sins
441 3765 585 3828 veritatis
615 3765 716 3848 speeie
746 3765 879 3828 eonieeit
909 3762 1067 3828 Asroiuus
1089 3765 1122 3826 in
1146 3761 1214 3828 Pol.
1238 3761 1331 3828 'lhos
1355 3764 1430 3827 Ant.

343 3884 434 3950 Rom.
470 3881 526 3950 Gr.
558 3883 639 3949 Nor.
670 3882 781 3968 Suppl.
814 3890 891 3948 tom.
922 3882 963 3959 II,
996 3905 1026 3967 p.
1057 3880 1121 3948 897
1145 3905 1190 3968 sq.
1228 3886 1331 3968 Atque
1353 3883 1430 3947 haee

344 4004 472 4090 quidem
504 4004 542 4070 de
572 4005 766 4081 initiation03
798 4003 835 4068 de
866 4002 1059 4068 solemnibus
1082 4006 1137 4069 vir
1160 4003 1345 4089 quidquam,
1368 4005 1431 4066 nisi

344 4203 512 4216 *¹⁸¹¹*-

377 4339 402 4401 1)
422 4338 577 4387 Samothrace
594 4336 768 4402 antiquissimis
785 4336 934 4400 temporibus
951 4337 1082 4388 vocabatur
1102 4337 1233 4396 Λευκασία,
1251 4337 1281 4386 of.
1298 4335 1430 4384 Somnus

343 4422 360 4471 i.
379 4438 401 4472 v.
419 4421 564 4479 Leucothea,
581 4421 638 4470 Lex.
655 4420 749 4479 Roseh.,
766 4425 824 4469 tom.
841 4419 876 4478 II,
893 4435 917 4484 p.
935 4420 1007 4469 2014.
