3346 5376
833 555 897 620 152

317 839 401 904 cyre,
433 825 470 883 ut
500 817 690 884 Plutarchus
719 826 826 884 narret
855 817 1087 896 occaecat.
1114 818 1330 896 hamorem
1353 825 1413 886 mi·
1469 840 1471 844 ’
1606 863 1609 870 -

319 944 431 1003 natum
455 959 533 1014 esse,
557 940 690 1003 minime
714 944 847 1004 constat.
962 975 963 979 =

802 1185 936 1261 XXIV.

366 1459 414 1525 De
446 1457 503 1526 On.
533 1460 701 1545 Pompeio'
717 1459 838 1546 Magno
857 1460 914 1524 «Μ.
947 1461 969 1524 f.
994 1460 1234 1524 acerbissimum
1257 1460 1416 1524 iudicium

321 1579 399 1646 tulit
427 1587 459 1645 et
488 1584 729 1666 iniquissimum
762 1581 809 1648 W.
842 1582 1018 1664 Drumann,
1047 1580 1237 1647 Geschichte
1260 1582 1359 1647 Roms
1382 1585 1417 1645 in

163 1723 165 1730 ’
233 1749 236 1754 ,
322 1704 442 1767 seinem
476 1689 668 1789 Ubergange
702 1724 763 1767 von
798 1702 853 1766 der
885 1702 1183 1788 republikanischen
1213 1725 1269 1767 sur
1295 1724 1418 1767 monar-

229 1821 233 1827 ’
323 1824 470 1888 chischen
494 1822 695 1909 Verfassung,
720 1830 797 1889 tom.
823 1823 869 1887 ΙΠ
892 1848 923 1910 p.
947 1823 1009 1889 631
1037 1830 1069 1890 et
1092 1823 1144 1902 IV,
1169 1847 1199 1909 p.
1226 1823 1301 1889 559.
1346 1837 1347 1840 ’

817 2069 933 2151 XXV.

371 2298 494 2365 Prodici
517 2301 634 2384 scripta
657 2295 817 2365 Ciceronis
837 2303 940 2362 aetate
964 2301 1029 2363 iam
1051 2301 1247 2363 interierant.

680 2555 693 2580 ·
810 2523 945 2621 xxvi.

372 2780 468 2844 Liber
493 2778 530 2843 de
555 2779 729 2862 mysteriis,
752 2773 921 2841 Iambliehi
945 2778 1001 2861 qui
1024 2775 1134 2853 fertur,
1159 2778 1257 2840 etiam
1278 2776 1361 2862 quod
1381 2775 1421 2840 ed

328 2901 564 2991 philosophiam
588 2903 712 2976 attinet,
736 2899 828 2985 plene
851 2897 1069 2989 despiciendus
1094 2919 1157 2962 non
1181 2901 1239 2963 est.

774 3146 945 3222 mxvii.
1027 3254 1031 3263 Ι
1073 3190 1075 3196 ,

375 3383 423 3448 Ex
449 3406 478 3447 v.
499 3382 537 3447 el.
558 3381 726 3446 Haeckelii
743 3379 824 3444 libro
847 3377 925 3456 „Die
945 3376 1149 3441 Weitrttsel''
1170 3379 1338 3463 egregium
1359 3397 1426 3442 zoo—

328 3505 442 3592 logum
459 3507 505 3568 ·in
533 3502 735 3588 philosophia
764 3522 879 3586 parum
910 3505 1073 3564 versatum
1104 3519 1182 3575 esse,
1206 3501 1240 3562 in
1264 3498 1425 3584 theologia

330 3628 500 3712 hospitem,
531 3623 570 3688 ad
593 3646 661 3689 rem
684 3625 856 3710 mysticam
879 3642 918 3685 ne
942 3622 1106 3685 accessisse
1129 3619 1260 3704 quidem
1283 3626 1425 3706 apparet.
