3404 5368
769 537 788 602 9

228 725 372 786 crurium
381 721 606 805 Sancruziique
618 719 833 805 pedissequos,
844 719 928 805 quod
937 724 1066 785 ornatus
1075 717 1331 805 magnificentiae

227 847 460 928 apparatusque
480 841 639 928 splendori
659 843 798 905 nimium
818 842 1000 906 tribuerint.
1023 839 1085 905 Sed
1102 842 1211 925 ipsum
1223 841 1331 925 potius

225 965 394 1030 audiamus
417 963 618 1029 bobechium
641 963 838 1028 adversarios
861 965 906 1028 sic
930 983 1121 1050 aggressum
1136 961 1176 1042 l):

273 1087 460 1163 „Postremo
493 1087 609 1162 omnia,
641 1104 721 1169 quae
754 1089 937 1170 mystarum
968 1083 1052 1168 apud
1083 1083 1332 1167 Aristophanem

225 1207 339 1272 chorus
358 1205 491 1292 Elysius
511 1205 549 1269 de
569 1204 698 1270 sedibus
718 1206 783 1269 suis
805 1203 975 1290 praedicat,
988 1205 1126 1268 initiatis
1139 1208 1211 1268 ante
1225 1201 1332 1268 oculos

225 1330 328 1412 posita
348 1347 416 1392 esse
436 1325 630 1391 contendunt
650 1331 705 1406 (sc.
727 1321 1328 1404 8133333133,338133031333333).

228 1445 294 1514 Our
315 1450 418 1534 igitur
442 1449 598 1514 omittunt
621 1445 704 1512 illud
728 1445 1085 1532 magnificentissimum

569 1582 633 1646 Ἀεὶ
658 1583 714 1657 μὲν
739 1579 916 1659 ἡμῖν’ἥλιις

570 1704 621 1768 καὶ
645 1703 769 1782 <iimcc
795 1703 897 1783 ἱλιιρόι
922 1703 997 1780 ἔστι,

230 1879 287 1923 cur
318 1856 437 1942 Apulei
467 1856 701 1934 obliviscuntur
730 1858 790 1922 hec
820 1855 907 1921 idem
945 1855 1167 1942 spectaculum
1202 1856 1264 1920 sibi
1299 1857 1334 1918 in

230 1977 446 2064 penetralibus
477 1978 622 2044 oblatum
653 1975 822 2043 testantis?
850 1979 998 2055 „Accessi
1021 1976 1196 2042 confinium
1219 1977 1333 2042 mortis

230 2104 262 2164 et
293 2099 411 2164 calcato
440 2099 649 2184 Proserpinae
680 2099 794 2164 limine
825 2101 1011 2183 peremnia
1038 2103 1150 2164 vectus
1176 2097 1334 2164 elementa
1368 2100 1370 2104 ’

228 2223 382 2298 remeavi,
398 2226 489 2285 nocte
505 2219 612 2285 media
627 2219 696 2286 vidi
709 2219 809 2285 solem
823 2220 956 2285 candido
969 2225 1189 2285 coruscantem
1199 2219 1333 2296 lumine,

230 2343 304 2406 deos
324 2341 442 2404 inferos
461 2345 493 2404 et
514 2359 645 2424 superos
666 2341 782 2404 accessi
801 2339 940 2404 coram.’'
961 2340 1031 2404 Hoc
1051 2339 1156 2405 solum
1175 2345 1232 2418 est,
1250 2339 1334 2425 quod

229 2461 269 2526 ad
299 2450 448 2526 ornatum
480 2479 590 2525 scenae
621 2461 778 2546 mysticae
808 2482 871 2526 non
903 2461 1055 2527 adhibent
1083 2482 1186 2546 neque
1217 2461 1334 2526 audent

228 2582 425 2660 contendere,
449 2580 541 2646 illam
564 2601 688 2646 sacram
712 2585 838 2646 noctem
858 2582 966 2646 diurni
986 2581 1098 2646 sideris
1118 2582 1197 2648 facie
1214 2581 1335 2646 illumi-

228 2708 337 2768 natam
359 2724 437 2780 esse,
463 2705 491 2768 si
513 2705 622 2767 minus
644 2723 721 2768 vera
745 2708 777 2767 et
799 2701 949 2781 naturali,
974 2709 1058 2769 certe
1082 2702 1305 2768 adumbrata.’'

273 2823 358 2888 Tum
378 2829 502 2890 veteres
522 2823 686 2888 eiusmodi
700 2822 904 2888 adminiculis
923 2823 1016 2889 facile
1032 2823 1249 2909 supersedisse
1266 2845 1336 2888 con-

229 2944 341 3022 tendit,
365 2949 477 3029 utpote
501 2965 547 3021 ea,
572 2965 652 3030 quae
677 2944 786 3010 ridere
811 2949 843 3009 et
863 2965 988 3010 cernere
1008 2967 1071 3010 non
1090 2950 1229 3030 possent,
1249 2965 1336 3009 men-

230 3065 318 3128 tibus
351 3063 522 3129 informare
556 3063 677 3130 solitos.
712 3063 765 3130 Sic
795 3086 870 3130 cum
900 3063 953 3129 illi
983 3085 1093 3131 versus
1124 3068 1335 3130 recitarentur

230 3186 264 3248 in
288 3205 395 3250 scena:

492 3305 609 3369 Δύετιιι
634 3313 751 3380 σημεῖα
776 3305 826 3369 καὶ
853 3305 1018 3385 ἑπτάποροι

489 3424 634 3496 πλειάδες
661 3425 800 3503 αἰθέριαι,
826 3425 910 3500 μέσαι
935 3425 1066 3498 δίιὶετός
1098 3455 1099 3458 ’

490 3547 612 3626 οὐρανοῦ
638 3551 775 3610 ποτᾶται
802 3583 842 3596 -

490 3668 523 3732 οὐ
546 3667 696 3732 λεύσσετε
719 3666 853 3744 tenacibus
878 3666 1028 3756 ιιῖγὶιιιιςι

233 3822 424 3902 spectatores
448 3818 582 3885 moleste
605 3842 667 3885 non
691 3819 815 3898 tulisse,
840 3821 923 3905 quod
944 3841 980 3886 ea
999 3843 1062 3886 non
1081 3821 1236 3901 viderent,
1256 3845 1336 3908 quae

233 3944 486 4004 monstrarentur
509 3962 527 4006 a
546 3943 737 4008 cantoribus.
761 3940 814 4007 Sic
831 3944 866 4006 in
885 3941 993 4006 teletis
1014 3963 1140 4028 quoque
1158 3943 1336 4031 theurgicis

233 4059 338 4126 multe
357 4081 419 4126 non
439 4062 478 4126 ad
497 4064 705 4148 spectandum
724 4066 896 4150 proposita,
910 4064 965 4130 sed
977 4087 1034 4149 pro
1048 4068 1197 4151 spectatis
1210 4073 1337 4154 accepta

234 4183 341 4248 fuisse.
373 4183 480 4267 Atque
511 4186 570 4251 hac
595 4187 633 4252 de
657 4209 690 4252 re
714 4187 753 4252 ad
778 4187 935 4253 decimam
958 4193 1107 4274 quartam
1129 4210 1187 4254 nos
1210 4188 1338 4274 ablegat
1405 4225 1411 4238 ι

233 4303 481 4389 paragraphum,
506 4306 562 4370 ubi
586 4307 624 4372 de
647 4308 797 4395 theurgia
820 4309 923 4374 fusius
947 4309 1135 4394 disputavit.
1160 4309 1271 4395 Neque
1291 4313 1338 4374 in-

235 4426 407 4437 ——..

269 4487 293 4548 1)
310 4488 493 4554 Aglaophamus
510 4495 570 4538 tom.
588 4489 608 4548 Ι,
625 4504 649 4552 p.
668 4487 715 4540 117
725 4505 760 4552 sq.
