3346 5376
719 535 782 601 101

198 715 227 778 ἕν
252 713 370 794 Χριστῷ
394 713 450 793 τρὸ
475 713 547 778 ε’τῶν
572 713 801 794 δεκατεσσάρων
824 715 900 798 (εἴτε
925 718 954 780 ἐν
978 717 1108 798 σθαατι,
1133 719 1186 784 aba
1204 715 1291 784 οἶδα·

197 833 260 899 εἴτε
282 833 367 906 εἰιτδς
393 837 445 898 τοῦ
471 835 624 913 σώματος,
647 837 701 900 σιἰιι
724 833 811 902 οἶδα·
836 839 855 902 θ’
875 838 949 910 Θεὸς
973 835 1081 920 οἶδεν)
1105 841 1290 920 ἁρπαγέντα

197 959 247 1022 τὸν
271 960 404 1020 τοιοῦτον
429 951 481 1028 ἕως
507 958 607 1035 τρίτον
632 958 764 1036 οὐρανοῦ.
789 958 840 1024 καὶ
865 955 1005 1024 οἷδαντδν
1030 965 1161 1026 τοιοῦτον
1185 960 1291 1041 ἄνθρα-

197 1103 251 1143 τον
285 1076 362 1157 (εἴτε
393 1079 423 1142 ε’ν
456 1078 589 1157 σώματι,
621 1078 683 1144 εἴτε
716 1080 802 1153 ἐκτὸς
834 1085 886 1146 τοῦ
911 1082 1065 1162 σώματος,
1089 1085 1143 1148 οὐκ
1167 1081 1250 1149 οἶδα·
1276 1085 1290 1150 θ

202 1199 276 1273 Θεὸς
300 1195 408 1281 οἷδεν·)
432 1195 476 1264 ὅτι
502 1201 627 1281 ἧρσοθγιρ
652 1203 694 1274 εἰς
718 1202 770 1267 τὸν
794 1203 986 1284 παράδεισον,
1012 1205 1064 1270 καὶ
1089 1206 1212 1281 ἤκουσεν
1231 1205 1291 1288 ’θρ-

197 1326 274 1403 ῥητα
309 1325 447 1405 ῥήματα,
482 1314 504 1388 dc
539 1325 592 1388 οὐκ
626 1322 691 1399 εἘδν
725 1325 866 1405 ἀνθρώπῳ
897 1334 1034 1400 λαλῆσαι
1050 1326 1086 1413 1),
1118 1332 1174 1413 qni
1202 1329 1291 1394 locus

198 1447 302 1510 nescio
326 1445 402 1530 quid
425 1447 556 1531 mystici
579 1452 680 1511 sonat.
704 1446 753 1514 Of.
775 1448 848 1513 Act.
873 1450 934 1534 Ap.
958 1450 999 1528 X,
1027 1450 1078 1528 10,
1100 1451 1196 1536 Apoc.
1217 1451 1289 1516 Joh.

196 1566 221 1645 I,
248 1567 299 1644 10,
324 1565 377 1644 IV,
403 1567 434 1644 2,
458 1565 559 1644 XVII,
585 1566 616 1644 3,
641 1574 672 1633 et
695 1591 712 1634 e
735 1571 942 1655 scriptoribus
965 1571 1185 1637 ecclesiasticis
1204 1570 1291 1637 Tert.

195 1688 242 1754 De
265 1711 315 1754 ant
340 1687 377 1752 9:
405 1687 484 1765 „aaa
507 1689 610 1754 bodie·
623 1711 709 1756 soror
732 1691 817 1776 apud
839 1714 896 1758 nos
920 1692 1155 1762 revelationum
1179 1694 1293 1759 charis-

194 1815 283 1876 mata
313 1810 434 1888 sortita,
467 1832 545 1896 quas
575 1814 609 1875 in
639 1812 789 1891 Ecclesia,
821 1817 905 1880 inter
935 1814 1104 1880 Dominica
1126 1815 1291 1894 solemnia,

194 1953 251 2018 per
281 1933 416 1996 ecstasin
444 1933 478 1994 in
510 1934 626 2016 spiritu
656 1936 788 2017 patitur,
821 1941 1027 2001 conversatur
1057 1957 1131 2001 cum
1157 1935 1290 2022 angelis,

194 2053 367 2138 aliquando
391 2055 488 2120 etiam
511 2075 585 2120 cum
608 2055 745 2122 Domino
769 2063 801 2122 et
824 2057 913 2123 videt
933 2064 965 2123 et
984 2058 1074 2123 audit
1093 2063 1291 2123 sacramenta

194 2179 227 2256 (i.
254 2198 281 2242 e.
300 2177 468 2257 μυστήρια)
488 2181 520 2241 et
539 2176 737 2261 quorundam
755 2178 849 2243 corda
868 2178 1027 2265 dignoscit
1047 2185 1079 2244 et
1097 2179 1291 2245 medicinam

194 2299 448 2365 desiderantibus
479 2298 674 2364 submittit’'.
712 2297 760 2366 Of.
792 2306 824 2365 et
855 2297 951 2387 prr.
974 2299 1033 2386 Ep.
1058 2299 1199 2387 XVI,·1p.
1225 2299 1290 2366 520

195 2421 251 2486 ud.
279 2420 404 2498 Hartel,
428 2420 488 2506 up.
512 2418 632 2486 LXXV
655 2444 686 2506 p.
711 2419 788 2487 817.
825 2421 870 2486 Ut
893 2422 932 2486 ad
956 2423 1099 2488 ethnicos
1122 2423 1289 2490 redeamus
1321 2443 1323 2447 ’

195 2545 372 2628 scriptores,
404 2545 482 2607 satis
513 2545 583 2620 erit,
615 2543 667 2608 bic
689 2543 865 2609 Aristidem
888 2543 1018 2610 laudare
1041 2542 1211 2623 rhetorem,
1236 2550 1291 2631 qui

193 2665 307 2730 morbo
331 2684 498 2750 oppressus
522 2666 725 2750 gravissimo,
751 2665 812 2730 diis
835 2686 927 2751 saepe
950 2667 1106 2743 incubuit,
1129 2688 1241 2752 neque,
1264 2671 1292 2732 si

193 2789 257 2874 ipsi
288 2786 419 2872 quidem
445 2785 541 2851 fidem
565 2787 731 2864 habemus,
754 2786 884 2852 frustra.
918 2787 970 2853 Sic
993 2790 1028 2852 in
1051 2789 1129 2854 urbe
1152 2787 1291 2876 Smyrna

194 2929 269 2973 cum
300 2912 480 2973 moraretur
507 2909 677 2992 quondam,
700 2908 936 2995 Aesculapium,
961 2911 1001 2975 ad
1025 2933 1121 2996 quem
1144 2913 1292 2999 confuge-

194 3035 243 3096 ret
275 3031 493 3116 potissimum,
524 3032 558 3094 in
589 3032 720 3094 somniis
751 3031 813 3096 sibi
836 3031 1025 3098 indicavisse
1048 3033 1226 3098 remedium
1250 3034 1293 3098 af·

194 3152 312 3235 firmat,
334 3173 391 3218 nec
410 3173 482 3230 non,
502 3173 520 3216 e
540 3153 656 3237 quibus
675 3151 821 3230 effecerit,
834 3154 1036 3238 ipsissimum
1047 3157 1172 3220 venisse
1184 3155 1291 3234 deum,

195 3277 336 3361 exponit,
367 3273 455 3340 Orat.
481 3295 557 3339 sacr.
583 3273 624 3353 II,
648 3295 679 3360 p.
704 3271 769 3342 473
793 3294 856 3359 sq.:
889 3271 1290 3356 carpentoratensem

195 3399 292 3464 δοκεῖν
324 3395 357 3472 ἦν
388 3396 440 3462 καὶ
474 3395 697 3461 διαισθάνεσθαι
730 3392 774 3460 θτι
801 3395 893 3470 αὐτὸς
919 3394 981 3472 ἥκοι
1006 3397 1058 3463 aa>
1083 3397 1182 3475 με’σιος
1208 3396 1291 3478 ἔχειν

197 3519 290 3587 ὕπνον
314 3519 365 3584 καὶ
391 3519 596 3600 ἐγρηγόρσεως
620 3518 673 3584 acl
697 3517 864 3596 βούλεσθαι
885 3518 1060 3598 εἰιβιιὲτειν,
1082 3520 1291 3599 ιιαδόὶνοινιῖιν

197 3644 241 3720 μὴ
276 3639 553 3720 τροαταλλαγεθν,
587 3639 638 3704 καὶ
675 3635 740 3704 ὦτα
771 3639 1049 3720 ταραβεβλνκὲναι
1082 3641 1133 3706 καὶ
1162 3641 1291 3721 αιιοθειν,

198 3763 239 3828 τοὶ
264 3763 321 3840 μὲν
344 3765 383 3835 cir
406 3759 485 3842 ὄναρ,
510 3764 552 3826 τοὶ
576 3760 607 3826 δὲ
630 3763 669 3833 ὥς
690 3757 781 3842 ὕταρ,
802 3761 854 3826 καὶ
874 3762 980 3844 τρίχες
1002 3762 1081 3842 θρθαδ
1103 3763 1154 3827 καὶ
1175 3761 1292 3844 δοθαρνα

198 3883 252 3948 σὺν
282 3889 371 3967 χαρᾷ
403 3882 454 3948 καὶ
487 3881 610 3961 γνώμης
643 3879 732 3961 θγιιος
763 3883 960 3962 οὶνεταχθιὶς·
986 3883 1038 3948 καὶ
1062 3883 1109 3956 alr
1135 3884 1293 3963 ἀνθρώπων

198 4005 302 4070 ταῦτα
334 4009 367 4084 γ’
399 4003 586 4080 ἐνδείξασθαι
614 4003 698 4082 λόγῳ
723 4002 868 4080 δονατθςς
893 4004 919 4068 εἷ
944 4002 976 4067 δέ
998 4027 1046 4076 τις
1069 4011 1127 4068 τῶν
1152 4019 1293 4070 τετελεσ-

198 4127 293 4204 μένων
319 4119 395 4204 ε’στθ,
419 4123 533 4190 σύνοιδέ
556 4148 591 4188 τε
616 4123 668 4188 καὶ
693 4122 837 4204 ννιορθζει.
862 4125 999 4191 Minime
1024 4128 1110 4190 enim
1132 4127 1294 4193 incubatio

198 4249 358 4316 eiusmodi
393 4253 521 4314 tantum
551 4267 682 4313 somnus
715 4253 792 4326 erat,
824 4269 886 4334 quo
902 4241 1058 4313 'fruimur
1089 4270 1208 4328 omnes,
1240 4250 1294 4316 sed

198 4402 367 4413 ——-—-—

234 4511 258 4574 1)
275 4511 313 4562 of.
329 4510 375 4561 boc
392 4509 491 4558 deloco
508 4507 540 4560 H.
557 4507 674 4568 anua,
690 4507 766 4558 Wirk.
783 4507 806 4558 d.
825 4505 926 4565 Galatas,
942 4521 965 4572 p.
984 4505 1040 4566 loa,
1058 4506 1105 4556 201
1124 4523 1160 4574 sq.
