3404 5368
737 1359 809 1448 §a

268 1557 368 1623 Plane
398 1559 560 1624 diversam
590 1557 629 1622 de
656 1558 766 1623 Isiacis
790 1561 955 1644 mysteriis
980 1557 1116 1644 protulit
1139 1562 1330 1623 sententiam

223 1680 449 1745 BvaoKHaaov
468 1701 525 1744 nec
544 1684 652 1744 tamen
671 1681 779 1743 minus
800 1678 943 1765 dignam,
961 1699 1059 1764 quam
1072 1683 1217 1744 accurate
1228 1701 1332 1745 recen-

224 1821 363 1866 seamus.
394 1800 540 1885 Namque
570 1801 803 1876 Bvacuuaaov,
837 1820 912 1864 cum
936 1821 998 1864 non
1021 1801 1056 1862 in
1079 1803 1170 1884 parte
1194 1801 1332 1884 quadam

224 1920 411 2006 disciplinae
446 1927 646 1986 consumeret
680 1926 819 2006 tempus,
853 1920 907 1985 sed
937 1925 1040 1986 totam
1072 1919 1336 2007 complecteretur

226 2040 442 2127 disciplinam,
478 2043 574 2107 rebus
608 2044 693 2106 inter
728 2063 761 2106 se
794 2044 960 2126 ingeniose
1001 2045 1193 2128 comparatis
1232 2041 1337 2107 multa

224 2182 305 2248 quae
327 2160 405 2226 alios
424 2160 585 2228 latuerant
606 2165 765 2248 sagaciter
784 2162 961 2249 indagavit,
982 2162 1159 2248 multisque
1180 2163 1218 2228 de
1241 2163 1336 2228 rebus

225 2282 414 2369 popularem
434 2287 617 2372 opinionem
636 2287 787 2350 mutavit.
810 2283 847 2348 Iu
862 2284 946 2350 libro
959 2290 1069 2350 autem
1082 2286 1120 2350 de
1133 2285 1336 2352 Constantini

226 2403 341 2489 Magni
363 2409 477 2482 aetate,
503 2426 578 2470 oum
601 2411 634 2471 et
657 2405 695 2470 de
719 2406 814 2470 rebus
835 2404 953 2470 divinis
973 2405 1051 2490 quid
1070 2408 1227 2470 senserint
1245 2407 1335 2473 illius

230 2527 385 2624 temporis
413 2526 560 2591 homines
585 2529 724 2612 exponit,
748 2547 900 2591 arcanum
920 2525 1015 2591 Isidis
1040 2525 1165 2592 cultum
1188 2531 1244 2613 qui
1267 2534 1335 2594 tcto

231 2646 364 2712 florebat
392 2650 528 2733 imperio
559 2649 702 2714 Romano
734 2669 809 2713 cum
841 2649 1036 2714 solemnibus
1064 2671 1144 2734 quae
1167 2652 1230 2736 ipsi
1261 2649 1338 2716 cele-

231 2768 364 2834 brabant
382 2769 549 2856 Aegyptii,
568 2791 633 2836 uno
650 2769 719 2836 loco
735 2793 797 2836 non
809 2792 877 2836 esse
889 2771 1071 2837 habendum
1083 2776 1168 2836 recte
1179 2776 1289 2836 monet
1316 2777 1338 2851 ).

233 2887 386 2956 Oeterum
420 2891 604 2976 perdifficile
641 2913 718 2969 essa,
754 2895 940 2958 interiorem
969 2895 1199 2980 mysteriorum
1231 2912 1341 2956 eruere

234 3030 373 3088 sensum,
410 3033 484 3076 cum
520 3015 650 3077 omnino
686 3011 907 3098 Aegyptiacae
942 3014 1018 3079 deae
1056 3014 1141 3099 apud
1180 3013 1341 3078 Romanos

234 3131 342 3198 cultus
372 3155 436 3199 non
468 3134 578 3200 eadem
609 3157 735 3221 semper
760 3137 857 3202 fuerit
880 3138 994 3202 forma.
1019 3135 1163 3220 Denique
1187 3134 1342 3220 quidquid

235 3254 273 3319 de
307 3254 416 3320 isiacis
447 3259 596 3342 cognosci
626 3260 735 3342 possit,
769 3279 808 3322 ex
838 3257 1007 3321 undecimo
1037 3257 1341 3342 Metamorphoseon

234 3375 317 3442 libro
342 3377 543 3443 efficiendum
562 3399 639 3456 csse,
662 3378 738 3444 lieet
756 3379 808 3442 hio
828 3399 953 3463 quoqne
972 3380 1005 3442 in
1023 3381 1143 3444 incerto
1163 3398 1338 3454 versemur,

238 3499 350 3561 utrum
373 3498 530 3584 Apuleius
554 3520 592 3563 ex
617 3498 725 3564 ordine
748 3501 945 3565 enarraverit
969 3501 1076 3564 omnia
1099 3519 1138 3563 an
1158 3498 1342 3586 philosophi

237 3621 271 3684 in
290 3620 424 3685 modum
446 3621 483 3686 de
502 3643 560 3687 suo
584 3621 741 3706 quaedam
764 3621 931 3686 addiderit.
955 3621 1024 3686 Hoc
1048 3627 1156 3686 tamen
1178 3626 1345 3686 11111111-

240 3742 304 3806 tius
327 3746 480 3818 constare,
506 3743 632 3807 beatam
656 3747 688 3806 et
711 3741 767 3806 illa
791 3741 937 3827 pollicita
956 3762 1023 3806 esse
1042 3745 1197 3828 mysteria
1215 3724 1345 3806 immor-

239 3860 414 3941 talitatem;
448 3862 503 3927 sed
534 3863 611 3948 quid
640 3865 765 3926 intimis
795 3863 828 3925 in
864 3861 972 3947 adytis
1003 3861 1126 3927 dictum
1150 3865 1203 3940 sit,
1228 3863 1346 3947 quidve

239 3982 373 4066 factum,
403 3983 462 4048 hoc
494 4004 619 4068 semper
650 4003 706 4049 nos
736 3982 836 4046 lateat
866 4001 991 4046 uacasse
1023 4003 1100 4048 esse.
1133 3981 1232 4047 Lucio
1263 3982 1347 4046 nihil

239 4105 378 4190 profanis
399 4105 539 4170 indicare
561 4105 700 4182 licuisse,
726 4106 789 4168 nisi
813 4103 897 4188 quod
920 4102 1095 4189 symbolice
1119 4104 1208 4168 sedes
1232 4104 1348 4169 adierit

239 4225 365 4304 inferas,
386 4224 541 4312 Isidisque
565 4227 703 4312 benigno
728 4225 882 4290 revixerit
905 4223 1023 4288 favore.
1047 4223 1109 4288 Sed
1132 4224 1239 4293 locum
1262 4244 1349 4309 prae·

276 4467 300 4528 1)
315 4467 339 4516 J.
357 4467 543 4527 encomium,
559 4467 606 4516 Die
623 4466 676 4514 Zeit
694 4462 863 4513 Constantin¹s
880 4462 921 4510 des
940 4463 1065 4512 (11111111ι
1086 4481 1109 4528 p.
1128 4465 1184 4513 leo.

1211 4563 1226 4608 2
