3404 5368
764 1352 786 1438 5
806 1348 865 1474 13,

309 1547 574 1626 Burckhardtius,
597 1552 635 1612 ut
658 1567 754 1633 supra
777 1550 807 1632 (ᾖ
822 1547 855 1628 5)
878 1547 1032 1626 vidimus,
1056 1569 1131 1614 cum
1149 1547 1257 1616 locum
1276 1549 1362 1634 Apu·

262 1669 404 1734 leianum
427 1673 521 1753 atque
543 1670 705 1753 imprimis
727 1667 810 1734 illud
835 1669 931 1747 „deos
953 1669 1070 1734 inferos
1089 1675 1122 1734 et
1140 1669 1214 1736 deos
1233 1691 1362 1755 superos
1400 1762 1402 1768 Ι

262 1794 378 1857 accessi
403 1810 510 1856 eoram
533 1795 566 1856 et
586 1789 716 1855 adoravi
738 1790 776 1855 de
799 1791 979 1876 proxumo”
1004 1790 1161 1877 explicare
1185 1798 1363 1880 conaretur,

262 1913 378 1979 dubius
400 1913 513 1982 haesit.
544 1911 673 1978 Scilicet
704 1912 828 1978 divinas
855 1913 942 1978 hisce
964 1913 1098 1979 indicari
1120 1935 1212 2000 posse
1236 1917 1380 2000 species,¹

262 2034 348 2099 haud
367 2036 499 2120 negavit
518 2053 621 2120 neque
635 2033 816 2098 indubium
830 2037 966 2112 vocavit,
979 2037 1079 2100 variis
1091 2034 1243 2116 artificiis,
1257 2035 1366 2122 quales

263 2161 374 2242 quarto
397 2155 469 2222 adv.
494 2153 590 2220 Haer.
614 2153 696 2220 libro
720 2157 923 2222 enumeravit
944 2154 1155 2242 Hippolytus,
1174 2155 1272 2251 illins
1286 2162 1365 2222 tem-

263 2281 348 2364 poris
378 2278 525 2344 homines
555 2279 589 2341 in
622 2297 697 2342 eum
727 2277 836 2342 induci
866 2298 1004 2342 errorem
1035 2280 1188 2362 potuisse,
1219 2283 1257 2342 ut
1278 2281 1363 2364 ipsos

269 2401 338 2466 deos
369 2421 436 2466 sese
466 2399 626 2484 adspicere
657 2397 827 2464 crederent.
852 2397 972 2463 Verum
996 2419 1077 2463 cum¹
1094 2398 1220 2464 fraudes
1243 2399 1362 2484 ubique

269 2523 390 2590 odorari
412 2526 658 2586 consentaneum
681 2541 744 2585 non
766 2523 818 2598 sit,
843 2519 1064 2607 symbolorum
1083 2523 1192 2606 potius
1211 2521 1364 2606 adspectu

267 2642 496 2711 venerabiiium
531 2646 655 2728 mystas
688 2662 833 2707 summae
861 2641 1069 2706 beatitudinis
1096 2643 1267 2728 participes
1298 2663 1365 2708 esse

268 2766 366 2832 lactas
397 2765 528 2831 veritati
561 2765 692 2850 propius
721 2763 867 2830 accedere
901 2752 1034 2829 censmt.
1086 2763 1172 2844 Quae
1204 2763 1367 2830 distinctio

249 2907 418 2961 ,reverane
445 2888 489 2952 sio
520 2885 602 2950 facta
635 2887 688 2963 sit,
719 2891 757 2950 ut
780 2887 893 2950 tertiae
923 2887 970 2950 rei
1000 2906 1063 2950 non
1093 2887 1136 2949 sit
1161 2884 1260 2963 locus,
1284 2907 1368 2952 nunc

268 3029 417 3094 quaerere
446 3006 725 3093 supersedeamus;
755 3005 839 3072 illud
867 3008 1084 3092 acquiramus,
1111 3011 1224 3072 utrum
1248 3006 1368 3072 Bnrck-

267 3129 388 3196 hardtii
416 3131 522 3214 opinio
552 3131 631 3214 ipsis
660 3125 787 3213 Apulei,
818 3147 897 3212 quae
921 3132 1102 3213 supersunt,
1125 3129 1272 3213 operibus
1295 3150 1367 3194 oon-

268 3252 414 3318 firmetur
436 3271 542 3316 necne.

315 3371 405 3460 Quod
428 3375 538 3436 autem
561 3369 601 3436 ad
622 3368 769 3457 symbola
791 3371 916 3448 attinet,
936 3368 1084 3456 religiose
1103 3391 1178 3436 sane
1198 3370 1354 3458 Apuleius

270 3514 351 3580 quae
373 3495 407 3557 in
430 3493 594 3579 mysteriis
618 3493 648 3556 ei
670 3490 787 3555 tradita
810 3495 886 3555 sunt
906 3491 1009 3576 signa,
1029 3489 1161 3557 linteolo
1185 3493 1369 3558 abscondita

272 3616 414 3682 servavit
428 3612 462 3696 1).
483 3612 549 3678 Nec
567 3634 640 3690 non,
659 3618 696 3677 ut
715 3617 819 3677 cetera
836 3611 876 3676 ad
893 3611 1018 3676 cultum
1030 3611 1168 3678 Isiacum
1180 3616 1373 3698 pertinentia

273 3740 319 3804 sic
337 3741 369 3802 et
386 3735 453 3813 illa,
475 3756 555 3820 quae
570 3732 717 3820 symbola
728 3736 890 3800 vocaverit
902 3736 985 3818 quis,
998 3733 1161 3820 eleganter
1173 3741 1267 3821 atque
1279 3735 1373 3801 artifi-

274 3861 356 3924 ciose
380 3853 553 3942 descripsit.
578 3855 696 3936 Quodsi
716 3855 847 3920 deorum
867 3855 1099 3923 daemonumve
1116 3861 1235 3944 species
1251 3857 1372 3924 oblatas

276 3985 332 4046 aut
363 3999 521 4064 nusquam
555 3982 819 4042 commemoraret
849 3984 906 4044 aut
935 3981 1062 4043 nonnisi
1092 3982 1304 4065 contemptim
1335 3981 1372 4046 de
1445 3955 1446 3958 Ἴ

276 4100 434 4168 eiusmodi
462 4101 541 4164 visis
571 4090 764 4185 loqueretur,
792 4099 929 4185 quodam
952 4102 1022 4165 iure
1045 4091 1231 4167 contendere
1254 4123 1372 4187 posses,

275 4221 451 4309 Apuleium
474 4220 630 4307 symbolis
655 4221 771 4287 divinis
794 4219 877 4285 nihil
894 4221 1042 4286 habuisse
1060 4225 1233 4308 antiquius.
1253 4223 1373 4290 Verum

311 4453 341 4520 1)
362 4452 434 4517 Apol.
460 4452 502 4500 tt:
532 4450 659 4499 Sacrorum
690 4449 805 4527 pleraque
828 4446 900 4497 initia
923 4447 949 4497 in
973 4449 1074 4498 Graecia
1096 4451 1251 4516 participavi.
1282 4451 1373 4500 Florum

278 4535 402 4600 quaedam
415 4535 483 4598 signe
501 4539 526 4583 et
542 4537 699 4582 monumenta
717 4531 808 4580 tradita
826 4530 886 4580 mihi
905 4547 919 4578 a
937 4532 1101 4582 sacerdotibus
1118 4534 1202 4584 sedulo
1219 4550 1342 4584 conservo.
