3346 5376
851 1565 873 1651 1
896 1563 952 1632 ao.

352 1752 491 1820 Media
520 1758 639 1820 nocte
670 1754 760 1819 vidi
790 1752 1124 1819 solemcandido
1155 1755 1445 1816 coruscantem

813 1875 982 1940 lumine.

399 2057 448 2122 Ad
472 2057 554 2122 faces
579 2063 673 2144 atque
695 2057 841 2122 lucernas
863 2059 895 2121 ia
918 2057 1014 2142 adyto
1037 2054 1230 2120 collucentes
1250 2037 1327 2120 haec
1346 2053 1447 2142 vulgo

356 2180 475 2258 referri,
507 2202 572 2245 non
604 2183 734 2246 mirum.
771 2178 833 2246 Oui
862 2181 1004 2243 enimin
1028 2183 1168 2242 mentem
1193 2199 1257 2242 non
1281 2179 1389 2243 veniat
1412 2177 1446 2241 τὸ

357 2301 541 2366 Ἐλευσίνιον
572 2307 640 2382 πῦρ,
673 2302 710 2366 de
738 2323 799 2386 quo
823 2303 900 2365 satis
924 2301 984 2364 erit
1005 2297 1113 2364 locum
1136 2321 1174 2364 11
1197 2297 1285 2362 Ρ111.
1311 2298 1385 2383 Frg.
1410 2298 1448 2362 de

357 2444 407 2488 an.
439 2423 470 2501 2,
496 2445 591 2509 quem
613 2426 680 2488 iam
704 2421 779 2507 §17
804 2445 834 2508 p.
861 2421 903 2486 99
927 2420 1141 2494 laudavimus,
1166 2419 1290 2486 afferre:
1316 2423 1371 2498 πρὸ
1395 2424 1447 2485 τοῦ

357 2545 461 2616 τέλους
482 2547 584 2611 αὐτοῦ
600 2546 642 2610 τὰ
666 2546 748 2609 δεινὰ
772 2546 888 2622 πάντα,
909 2545 1001 2623 <Deion
1022 2544 1072 2606 καὶ
1093 2543 1199 2621 τρόμος
1220 2543 1271 2606 καὶ
1292 2543 1373 2622 ἱδρὼς
1395 2542 1446 2606 καὶ

357 2667 495 2743 θάμβος·
524 2671 558 2732 ἐκ
583 2669 614 2732 δὲ
639 2666 745 2731 τούτου
770 2673 835 2747 φῶς
860 2690 888 2729 rr
911 2665 1077 2742 incantator
1098 2665 1254 2739 ἀπήντησε
1276 2663 1368 2732 um?
1388 2661 1450 2731 Oui

355 2811 416 2852 non
440 2791 473 2852 in
497 2794 638 2853 mentem
662 2791 779 2864 veniat,
804 2791 839 2852 11
862 2766 1031 2852 Mithraeis
1051 2789 1185 2872 parietes
1206 2790 1302 2852 variis
1324 2787 1450 2852 distino-

355 2915 405 2974 tos
436 2910 533 2974 fuisse
566 2907 725 2973 coloribus
756 2911 864 2992 itaque
893 2907 1000 2972 facum
1031 2906 1103 2999 luce
1135 2899 1335 2974 collustratos
1366 2913 1449 2974 miro

354 3031 504 3116 adspectu
534 3033 676 3096 initiatos
708 3029 914 3095 delectavisse
929 3027 975 3110 Ι)1
1010 3030 1052 3094 Et
1086 3029 1209 3116 Apulei,
1242 3030 1280 3096 ad
1311 3053 1344 3098 se
1375 3055 1446 3098 cum

355 3153 500 3218 rediisset
524 3191 565 3202 —
590 3153 649 3217 hoc
673 3155 759 3217 enim
783 3173 821 3216 11
845 3153 941 3216 verbo
964 3151 1020 3216 illo
1046 3153 1229 3228 „remeavi”
1250 3152 1322 3218 elici
1343 3161 1449 3240 potest

359 3313 399 3323 -
424 3274 530 3340 oculos
553 3275 794 3358 praestrinxisse
816 3273 926 3337 lumen
950 3273 1212 3338 candidissimum
1235 3277 1262 3339 si
1285 3279 1356 3362 quis
1381 3299 1449 3342 eon·

357 3397 475 3475 tendat,
500 3418 562 3460 non
585 3397 787 3480 pertinaciter
809 3398 839 3459 61
862 3395 1021 3480 obloquar.
1045 3397 1110 3460 Nec
1134 3401 1241 3461 tamen
1266 3399 1332 3462 sine
1355 3418 1448 3463 causa

357 3519 505 3594 horson,
537 3539 610 3582 cum
641 3519 711 3602 ipsa
745 3517 821 3581 haec
852 3517 1029 3600 Apuleiana
1058 3519 1155 3583 verba
1185 3521 1321 3582 strictim
1354 3522 1447 3584 attin-

358 3647 457 3728 geret,
489 3646 617 3706 ornatus
647 3639 912 3725 magnificentiae,
943 3645 1174 3726 apparatusque
1202 3640 1362 3726 splendori
1385 3665 1447 3706 non

357 3784 424 3828 6111
448 3764 585 3826 nimium
608 3760 825 3838 tribuendum,
849 3764 985 3838 monuit,
1009 3760 1174 3845 multaque
1196 3764 1230 3825 in
1255 3761 1360 3827 teletis
1383 3785 1445 3828 non

357 3884 396 3949 ad
428 3882 634 3968 spectandum
665 3885 836 3968 proposita,
869 3883 923 3947 sed
954 3905 1011 3968 pro
1043 3886 1191 3967 spectatis
1221 3890 1347 3969 accepta
1379 3905 1446 3950 esse

357 4011 442 4070 reete
473 4007 664 4070 observavit.
701 4005 806 4089 Atque
835 3991 917 4068 illud
952 4004 1076 4080 „media
1107 4011 1198 4069 nocte
1230 4005 1298 4070 vidi
1322 4005 1444 4072 solem”

357 4127 551 4192 Lobeckium
582 4149 645 4192 non
675 4129 719 4191 sic
749 4129 952 4211 interpretari
983 4126 1132 4202 voluisse,
1165 4130 1254 4213 quasi
1286 4149 1313 4192 e.
1336 4149 1369 4214 g.
1395 4128 1446 4192 fax

393 4406 417 4466 l)
439 4403 476 4454 cf.
500 4403 526 4452 ll.
551 4403 669 4458 0111611,
693 4403 749 4452 Lex.
772 4401 859 4450 1111111.
882 4407 941 4450 tom.
965 4400 991 4448 ΙΙ
1015 4400 1031 4449 1.
1049 4417 1071 4448 v.
1094 4399 1206 4457 Mithres,
1230 4417 1254 4464 p.
1279 4401 1351 4460 3062,
1375 4403 1406 4452 11.
1424 4408 1447 4452 11

359 4487 450 4556 Westd.
467 4486 581 4535 Zoitschr.
600 4485 665 4534 1894
683 4502 706 4550 p.
725 4486 763 4544 56,
783 4491 807 4534 ot
823 4485 908 4534 Tantas
926 4489 951 4533 ot
967 4484 1034 4533 Mon.
1051 4489 1110 4532 tom.
1128 4483 1147 4542 Ι,
1165 4499 1189 4547 p.
1210 4483 1240 4531 al
1259 4490 1283 4534 ot
1301 4485 1356 4534 328.

1207 4675 1225 4716 θ
