<?xml version="1.0" encoding="UTF-8"?>
<!DOCTYPE html PUBLIC "-//W3C//DTD XHTML 1.0 Transitional//EN"
    "http://www.w3.org/TR/xhtml1/DTD/xhtml1-transitional.dtd">
<html xmlns="http://www.w3.org/1999/xhtml" xml:lang="en" lang="en">
 <head>
  <title>
</title>
<meta http-equiv="Content-Type" content="text/html;charset=utf-8" />
  <meta name='ocr-system' content='tesseract 3.04.00' />
  <meta name='ocr-capabilities' content='ocr_page ocr_carea ocr_par ocr_line ocrx_word'/>
</head>
<body>
  <div class='ocr_page' id='page_1' title='image "./deapuleioisiaco01jonggoog_0141.png"; bbox 0 0 3346 5376; ppageno 0'>
   <div class='ocr_carea' id='block_1_1' title="bbox 847 458 922 550">
    <p class='ocr_par' dir='ltr' id='par_1_1' title="bbox 847 458 922 550">
     <span class='ocr_line' id='line_1_1' title="bbox 847 458 922 550; baseline 0 0"><span class='ocrx_word' id='word_1_1' title='bbox 847 458 922 550; x_wconf 73' lang='lat' dir='ltr'><strong>&#39;reo</strong></span> 
     </span>
    </p>
   </div>
   <div class='ocr_carea' id='block_1_2' title="bbox 306 668 1443 1978">
    <p class='ocr_par' dir='ltr' id='par_1_2' title="bbox 306 668 1443 1978">
     <span class='ocr_line' id='line_1_2' title="bbox 306 668 1434 770; baseline -0.004 -30"><span class='ocrx_word' id='word_1_2' title='bbox 306 668 321 770; x_wconf 33' lang='lat'><strong>¹¹</strong></span> <span class='ocrx_word' id='word_1_3' title='bbox 341 701 423 756; x_wconf 81' lang='grc' dir='ltr'><strong><em>τερον</em></strong></span> <span class='ocrx_word' id='word_1_4' title='bbox 453 673 687 752; x_wconf 78' lang='grc' dir='ltr'><strong><em>οἱγιστεύοντας,</em></strong></span> <span class='ocrx_word' id='word_1_5' title='bbox 717 668 772 742; x_wconf 71' lang='lat' dir='ltr'><strong>doc</strong></span> <span class='ocrx_word' id='word_1_6' title='bbox 804 672 843 737; x_wconf 75' lang='grc' dir='ltr'><strong>αν</strong></span> <span class='ocrx_word' id='word_1_7' title='bbox 876 675 907 736; x_wconf 79' lang='grc' dir='ltr'><strong>οὐ</strong></span> <span class='ocrx_word' id='word_1_8' title='bbox 941 673 993 736; x_wconf 74' lang='grc' dir='ltr'><strong>δια</strong></span> <span class='ocrx_word' id='word_1_9' title='bbox 1025 671 1333 755; x_wconf 72' lang='grc' dir='ltr'><strong>παραπετασμάτων,</strong></span> <span class='ocrx_word' id='word_1_10' title='bbox 1369 671 1434 736; x_wconf 75' lang='grc' dir='ltr'><strong><em>οὐδὲ</em></strong></span> 
     </span>
     <span class='ocr_line' id='line_1_3' title="bbox 342 791 1438 880; baseline -0.006 -19"><span class='ocrx_word' id='word_1_11' title='bbox 342 798 392 862; x_wconf 76' lang='lat' dir='ltr'><strong>tut</strong></span> <span class='ocrx_word' id='word_1_12' title='bbox 418 805 475 864; x_wconf 80' lang='grc' dir='ltr'><strong>τῶν</strong></span> <span class='ocrx_word' id='word_1_13' title='bbox 500 797 647 861; x_wconf 69' lang='grc' dir='ltr'><strong><em>ἑκάστοτε</em></strong></span> <span class='ocrx_word' id='word_1_14' title='bbox 670 791 879 878; x_wconf 68' lang='grc' dir='ltr'><strong>συνθημάτων,</strong></span> <span class='ocrx_word' id='word_1_15' title='bbox 904 795 979 857; x_wconf 68' lang='grc' dir='ltr'><strong>ἀλλ’</strong></span> <span class='ocrx_word' id='word_1_16' title='bbox 1005 793 1247 869; x_wconf 71' lang='grc' dir='ltr'><strong><em>αὐτοπτνθὲντες</em></strong></span> <span class='ocrx_word' id='word_1_17' title='bbox 1271 794 1363 858; x_wconf 75' lang='grc' dir='ltr'><strong><em>αὐτὸν</em></strong></span> <span class='ocrx_word' id='word_1_18' title='bbox 1386 792 1438 880; x_wconf 76' lang='grc' dir='ltr'><strong>τὸν</strong></span> 
     </span>
     <span class='ocr_line' id='line_1_4' title="bbox 341 915 1438 997; baseline -0.007 -11"><span class='ocrx_word' id='word_1_19' title='bbox 341 920 479 997; x_wconf 76' lang='grc' dir='ltr'><strong><em>βασιλέα</em></strong></span> <span class='ocrx_word' id='word_1_20' title='bbox 502 917 692 996; x_wconf 73' lang='grc' dir='ltr'><strong><em>αναδιίξοισι,</em></strong></span> <span class='ocrx_word' id='word_1_21' title='bbox 717 917 768 980; x_wconf 72' lang='grc' dir='ltr'><strong><em>καὶ</em></strong></span> <span class='ocrx_word' id='word_1_22' title='bbox 793 919 806 982; x_wconf 82' lang='lat' dir='ltr'><strong>d</strong></span> <span class='ocrx_word' id='word_1_23' title='bbox 832 919 923 992; x_wconf 74' lang='grc' dir='ltr'><strong><em>δῆμος</em></strong></span> <span class='ocrx_word' id='word_1_24' title='bbox 948 918 1095 990; x_wconf 72' lang='grc' dir='ltr'><strong><em>αὐτήκοος</em></strong></span> <span class='ocrx_word' id='word_1_25' title='bbox 1121 917 1246 992; x_wconf 72' lang='grc' dir='ltr'><strong><em>γινιιται</em></strong></span> <span class='ocrx_word' id='word_1_26' title='bbox 1271 925 1325 990; x_wconf 76' lang='grc' dir='ltr'><strong>τῆς</strong></span> <span class='ocrx_word' id='word_1_27' title='bbox 1351 915 1438 994; x_wconf 72' lang='grc' dir='ltr'><strong><em>παρὰ</em></strong></span> 
     </span>
     <span class='ocr_line' id='line_1_5' title="bbox 340 1036 1441 1130; baseline -0.004 -26"><span class='ocrx_word' id='word_1_28' title='bbox 340 1048 398 1105; x_wconf 78' lang='grc' dir='ltr'><strong>τῶν</strong></span> <span class='ocrx_word' id='word_1_29' title='bbox 421 1043 490 1105; x_wconf 78' lang='grc' dir='ltr'><strong>θεῶν</strong></span> <span class='ocrx_word' id='word_1_30' title='bbox 515 1041 712 1122; x_wconf 71' lang='grc' dir='ltr'><strong><em>ἀναρρήσεως,</em></strong></span> <span class='ocrx_word' id='word_1_31' title='bbox 736 1039 784 1104; x_wconf 88' lang='lat' dir='ltr'><strong>De</strong></span> <span class='ocrx_word' id='word_1_32' title='bbox 806 1060 897 1123; x_wconf 81' lang='lat' dir='ltr'><strong>prov.</strong></span> <span class='ocrx_word' id='word_1_33' title='bbox 921 1061 951 1124; x_wconf 94' lang='lat' dir='ltr'><strong>p.</strong></span> <span class='ocrx_word' id='word_1_34' title='bbox 977 1037 1019 1102; x_wconf 83' lang='lat'><strong>95</strong></span> <span class='ocrx_word' id='word_1_35' title='bbox 1043 1037 1101 1102; x_wconf 78' lang='lat' dir='ltr'><strong>uu.</strong></span> <span class='ocrx_word' id='word_1_36' title='bbox 1123 1038 1235 1102; x_wconf 89' lang='lat' dir='ltr'><strong>Petav.</strong></span> <span class='ocrx_word' id='word_1_37' title='bbox 1260 1037 1350 1130; x_wconf 81' lang='lat' dir='ltr'><strong>Haec</strong></span> <span class='ocrx_word' id='word_1_38' title='bbox 1368 1036 1441 1102; x_wconf 86' lang='lat' dir='ltr'><strong>fieri</strong></span> 
     </span>
     <span class='ocr_line' id='line_1_6' title="bbox 340 1157 1440 1242; baseline -0.006 -14"><span class='ocrx_word' id='word_1_39' title='bbox 340 1163 450 1242; x_wconf 83' lang='lat' dir='ltr'><strong>solare,</strong></span> <span class='ocrx_word' id='word_1_40' title='bbox 482 1163 531 1226; x_wconf 76' lang='grc' dir='ltr'><strong>ἐπὶ</strong></span> <span class='ocrx_word' id='word_1_41' title='bbox 565 1162 597 1226; x_wconf 75' lang='grc' dir='ltr'><strong>δὲ</strong></span> <span class='ocrx_word' id='word_1_42' title='bbox 627 1161 773 1240; x_wconf 74' lang='grc' dir='ltr'><strong><em>Τυφῶνος</em></strong></span> <span class='ocrx_word' id='word_1_43' title='bbox 805 1185 843 1238; x_wconf 85' lang='grc' dir='ltr'><strong>γε</strong></span> <span class='ocrx_word' id='word_1_44' title='bbox 875 1157 926 1224; x_wconf 78' lang='grc' dir='ltr'><strong><em>καὶ</em></strong></span> <span class='ocrx_word' id='word_1_45' title='bbox 960 1159 1107 1239; x_wconf 71' lang='grc' dir='ltr'><strong><em>Ὀσίριδος</em></strong></span> <span class='ocrx_word' id='word_1_46' title='bbox 1133 1161 1191 1224; x_wconf 74' lang='lat' dir='ltr'><strong>drot</strong></span> <span class='ocrx_word' id='word_1_47' title='bbox 1216 1183 1250 1223; x_wconf 86' lang='grc' dir='ltr'><strong>τε</strong></span> <span class='ocrx_word' id='word_1_48' title='bbox 1274 1159 1356 1224; x_wconf 74' lang='grc' dir='ltr'><strong><em>οὐδὲν</em></strong></span> <span class='ocrx_word' id='word_1_49' title='bbox 1381 1165 1440 1223; x_wconf 82' lang='grc' dir='ltr'><strong>τῶν</strong></span> 
     </span>
     <span class='ocr_line' id='line_1_7' title="bbox 341 1280 1439 1366; baseline -0.005 -16"><span class='ocrx_word' id='word_1_50' title='bbox 341 1285 449 1366; x_wconf 70' lang='grc' dir='ltr'><strong><em>ἱερέαν.</em></strong></span> <span class='ocrx_word' id='word_1_51' title='bbox 462 1282 804 1364; x_wconf 71' lang='grc' dir='ltr'><strong><em>πραγματευσαμένων,</em></strong></span> <span class='ocrx_word' id='word_1_52' title='bbox 825 1287 879 1355; x_wconf 64' lang='grc' dir='ltr'><strong>τὴν</strong></span> <span class='ocrx_word' id='word_1_53' title='bbox 898 1285 1014 1362; x_wconf 71' lang='grc' dir='ltr'><strong><em>πρώτην</em></strong></span> <span class='ocrx_word' id='word_1_54' title='bbox 1035 1280 1118 1354; x_wconf 77' lang='grc' dir='ltr'><strong><em>εὐθὺς</em></strong></span> <span class='ocrx_word' id='word_1_55' title='bbox 1142 1283 1277 1360; x_wconf 74' lang='grc' dir='ltr'><strong><em>ἐναργεῖς</em></strong></span> <span class='ocrx_word' id='word_1_56' title='bbox 1300 1281 1439 1358; x_wconf 79' lang='grc' dir='ltr'><strong><em>ἑωρῶντο,</em></strong></span> 
     </span>
     <span class='ocr_line' id='line_1_8' title="bbox 342 1399 1443 1484; baseline -0.005 -14"><span class='ocrx_word' id='word_1_57' title='bbox 342 1406 393 1470; x_wconf 75' lang='grc' dir='ltr'><strong><em>καὶ</em></strong></span> <span class='ocrx_word' id='word_1_58' title='bbox 420 1405 547 1469; x_wconf 81' lang='grc' dir='ltr'><strong><em>ἔταττον</em></strong></span> <span class='ocrx_word' id='word_1_59' title='bbox 571 1406 751 1484; x_wconf 73' lang='grc' dir='ltr'><strong><em>ἀφεστῶτες</em></strong></span> <span class='ocrx_word' id='word_1_60' title='bbox 775 1405 874 1480; x_wconf 85' lang='grc' dir='ltr'><strong><em>αὐτοι,</em></strong></span> <span class='ocrx_word' id='word_1_61' title='bbox 898 1403 950 1466; x_wconf 79' lang='grc' dir='ltr'><strong><em>καὶ</em></strong></span> <span class='ocrx_word' id='word_1_62' title='bbox 975 1403 1150 1480; x_wconf 74' lang='grc' dir='ltr'><strong><em>διεκόσμουν</em></strong></span> <span class='ocrx_word' id='word_1_63' title='bbox 1175 1399 1303 1473; x_wconf 72' lang='grc' dir='ltr'><strong><em>ἕκαστος</em></strong></span> <span class='ocrx_word' id='word_1_64' title='bbox 1328 1400 1443 1480; x_wconf 80' lang='grc' dir='ltr'><strong><em>σφετέ-</em></strong></span> 
     </span>
     <span class='ocr_line' id='line_1_9' title="bbox 342 1519 1439 1607; baseline -0.004 -15"><span class='ocrx_word' id='word_1_65' title='bbox 342 1552 405 1607; x_wconf 83' lang='grc' dir='ltr'><strong><em>ρους</em></strong></span> <span class='ocrx_word' id='word_1_66' title='bbox 430 1527 610 1607; x_wconf 69' lang='grc' dir='ltr'><strong><em>ὀργιαστάς,</em></strong></span> <span class='ocrx_word' id='word_1_67' title='bbox 635 1523 753 1591; x_wconf 69' lang='grc' dir='ltr'><strong><em>ἅπαντι</em></strong></span> <span class='ocrx_word' id='word_1_68' title='bbox 777 1549 811 1588; x_wconf 85' lang='grc' dir='ltr'><strong>τε</strong></span> <span class='ocrx_word' id='word_1_69' title='bbox 834 1527 923 1598; x_wconf 75' lang='grc' dir='ltr'><strong><em>δῆλον</em></strong></span> <span class='ocrx_word' id='word_1_70' title='bbox 946 1521 981 1597; x_wconf 76' lang='grc' dir='ltr'><strong>ἦν</strong></span> <span class='ocrx_word' id='word_1_71' title='bbox 1005 1524 1057 1606; x_wconf 83' lang='grc' dir='ltr'><strong>ἐφ’</strong></span> <span class='ocrx_word' id='word_1_72' title='bbox 1078 1519 1100 1606; x_wconf 77' lang='grc' dir='ltr'>ᾧ</span> <span class='ocrx_word' id='word_1_73' title='bbox 1124 1549 1162 1603; x_wconf 79' lang='grc' dir='ltr'><strong>γε</strong></span> <span class='ocrx_word' id='word_1_74' title='bbox 1188 1523 1368 1604; x_wconf 73' lang='grc' dir='ltr'><strong><em>παρείησαν,</em></strong></span> <span class='ocrx_word' id='word_1_75' title='bbox 1392 1524 1439 1588; x_wconf 92' lang='lat' dir='ltr'><strong>ib.</strong></span> 
     </span>
     <span class='ocr_line' id='line_1_10' title="bbox 342 1641 1440 1732; baseline -0.007 -18"><span class='ocrx_word' id='word_1_76' title='bbox 342 1651 446 1730; x_wconf 77' lang='lat' dir='ltr'><strong>Quam</strong></span> <span class='ocrx_word' id='word_1_77' title='bbox 468 1649 692 1712; x_wconf 81' lang='lat' dir='ltr'>caerimoniam</span> <span class='ocrx_word' id='word_1_78' title='bbox 711 1649 926 1712; x_wconf 75' lang='lat' dir='ltr'><strong>initiationem</strong></span> <span class='ocrx_word' id='word_1_79' title='bbox 945 1652 1038 1712; x_wconf 83' lang='lat' dir='ltr'><strong>vocat</strong></span> <span class='ocrx_word' id='word_1_80' title='bbox 1056 1645 1209 1732; x_wconf 87' lang='lat' dir='ltr'><strong>Synesins</strong></span> <span class='ocrx_word' id='word_1_81' title='bbox 1229 1645 1294 1708; x_wconf 74' lang='grc' dir='ltr'><strong>ἐπεὶ</strong></span> <span class='ocrx_word' id='word_1_82' title='bbox 1315 1641 1363 1710; x_wconf 80' lang='grc' dir='ltr'><strong>οὖν</strong></span> <span class='ocrx_word' id='word_1_83' title='bbox 1383 1646 1440 1718; x_wconf 66' lang='grc' dir='ltr'><strong>τὴν</strong></span> 
     </span>
     <span class='ocr_line' id='line_1_11' title="bbox 342 1766 1442 1850; baseline -0.006 -14"><span class='ocrx_word' id='word_1_84' title='bbox 342 1772 502 1850; x_wconf 68' lang='grc' dir='ltr'><strong><em>βασίλειον</em></strong></span> <span class='ocrx_word' id='word_1_85' title='bbox 534 1769 662 1842; x_wconf 66' lang='grc' dir='ltr'><strong><em>τελετὴν</em></strong></span> <span class='ocrx_word' id='word_1_86' title='bbox 693 1767 751 1832; x_wconf 77' lang='grc' dir='ltr'><strong>ὑπό</strong></span> <span class='ocrx_word' id='word_1_87' title='bbox 774 1792 808 1832; x_wconf 87' lang='grc' dir='ltr'><strong>τε</strong></span> <span class='ocrx_word' id='word_1_88' title='bbox 833 1773 886 1832; x_wconf 82' lang='grc' dir='ltr'><strong>τοῦ</strong></span> <span class='ocrx_word' id='word_1_89' title='bbox 910 1769 1025 1846; x_wconf 81' lang='grc' dir='ltr'><strong><em>πατρὸς</em></strong></span> <span class='ocrx_word' id='word_1_90' title='bbox 1051 1768 1232 1832; x_wconf 54' lang='lat' dir='ltr'><strong>aetesiae</strong></span> <span class='ocrx_word' id='word_1_91' title='bbox 1256 1767 1283 1846; x_wconf 83' lang='lat' dir='ltr'><strong>(d</strong></span> <span class='ocrx_word' id='word_1_92' title='bbox 1305 1766 1442 1847; x_wconf 80' lang='grc' dir='ltr'><strong><em>Ὄσιρις)</em></strong></span> 
     </span>
     <span class='ocr_line' id='line_1_12' title="bbox 339 1889 1440 1978; baseline -0.005 -21"><span class='ocrx_word' id='word_1_93' title='bbox 339 1916 370 1978; x_wconf 91' lang='lat' dir='ltr'><strong>p.</strong></span> <span class='ocrx_word' id='word_1_94' title='bbox 392 1891 445 1970; x_wconf 89' lang='grc'><strong>96,</strong></span> <span class='ocrx_word' id='word_1_95' title='bbox 469 1913 531 1956; x_wconf 90' lang='lat' dir='ltr'><strong>non</strong></span> <span class='ocrx_word' id='word_1_96' title='bbox 551 1889 649 1954; x_wconf 86' lang='lat' dir='ltr'><strong>aliam</strong></span> <span class='ocrx_word' id='word_1_97' title='bbox 668 1896 752 1955; x_wconf 88' lang='lat' dir='ltr'><strong>certe</strong></span> <span class='ocrx_word' id='word_1_98' title='bbox 772 1891 812 1954; x_wconf 93' lang='lat' dir='ltr'><strong>ob</strong></span> <span class='ocrx_word' id='word_1_99' title='bbox 832 1910 971 1966; x_wconf 88' lang='lat' dir='ltr'><strong>causam,</strong></span> <span class='ocrx_word' id='word_1_100' title='bbox 992 1909 1090 1974; x_wconf 85' lang='lat' dir='ltr'><strong>quam</strong></span> <span class='ocrx_word' id='word_1_101' title='bbox 1109 1889 1193 1973; x_wconf 93' lang='lat' dir='ltr'><strong>quod</strong></span> <span class='ocrx_word' id='word_1_102' title='bbox 1209 1891 1440 1975; x_wconf 78' lang='lat' dir='ltr'><strong>mysteriorum</strong></span> 
     </span>
    </p>
   </div>
   <div class='ocr_carea' id='block_1_3' title="bbox 307 1992 1441 2099">
    <p class='ocr_par' dir='ltr' id='par_1_3' title="bbox 307 1992 1441 2099">
     <span class='ocr_line' id='line_1_13' title="bbox 307 1992 1441 2099; baseline -0.004 -20"><span class='ocrx_word' id='word_1_103' title='bbox 307 1992 310 1997; x_wconf 21' lang='grc' dir='ltr'>Ι</span> <span class='ocrx_word' id='word_1_104' title='bbox 340 2020 436 2098; x_wconf 87' lang='lat' dir='ltr'><strong>atque</strong></span> <span class='ocrx_word' id='word_1_105' title='bbox 461 2015 735 2099; x_wconf 77' lang='lat' dir='ltr'><strong>Aegyptiacorum</strong></span> <span class='ocrx_word' id='word_1_106' title='bbox 759 2011 890 2096; x_wconf 84' lang='lat' dir='ltr'><strong>quidem</strong></span> <span class='ocrx_word' id='word_1_107' title='bbox 915 2048 955 2060; x_wconf 91' lang='lat'><em>-</em></span> <span class='ocrx_word' id='word_1_108' title='bbox 980 2012 1040 2076; x_wconf 93' lang='lat' dir='ltr'><strong>hoc</strong></span> <span class='ocrx_word' id='word_1_109' title='bbox 1064 2013 1150 2075; x_wconf 89' lang='lat' dir='ltr'><strong>enim</strong></span> <span class='ocrx_word' id='word_1_110' title='bbox 1173 2031 1223 2075; x_wconf 90' lang='lat' dir='ltr'><strong>res</strong></span> <span class='ocrx_word' id='word_1_111' title='bbox 1245 2013 1315 2096; x_wconf 88' lang='lat' dir='ltr'><strong>ipsa</strong></span> <span class='ocrx_word' id='word_1_112' title='bbox 1338 2008 1441 2074; x_wconf 84' lang='lat' dir='ltr'><strong>decla-</strong></span> 
     </span>
    </p>
   </div>
   <div class='ocr_carea' id='block_1_4' title="bbox 335 2131 1496 4525">
    <p class='ocr_par' dir='ltr' id='par_1_4' title="bbox 338 2131 1496 2706">
     <span class='ocr_line' id='line_1_14' title="bbox 338 2131 1441 2220; baseline -0.005 -19"><span class='ocrx_word' id='word_1_113' title='bbox 338 2142 388 2201; x_wconf 89' lang='lat' dir='ltr'><strong>rat</strong></span> <span class='ocrx_word' id='word_1_114' title='bbox 414 2169 453 2186; x_wconf 82' lang='lat'><strong>--</strong></span> <span class='ocrx_word' id='word_1_115' title='bbox 480 2137 618 2220; x_wconf 91' lang='lat' dir='ltr'><strong>speciem</strong></span> <span class='ocrx_word' id='word_1_116' title='bbox 641 2134 807 2198; x_wconf 86' lang='lat' dir='ltr'><strong>referebat.</strong></span> <span class='ocrx_word' id='word_1_117' title='bbox 828 2131 876 2198; x_wconf 87' lang='lat' dir='ltr'><strong>Ao</strong></span> <span class='ocrx_word' id='word_1_118' title='bbox 896 2136 1029 2198; x_wconf 84' lang='lat' dir='ltr'><strong>tertium</strong></span> <span class='ocrx_word' id='word_1_119' title='bbox 1049 2135 1302 2218; x_wconf 87' lang='lat' dir='ltr'><strong>comparationis,</strong></span> <span class='ocrx_word' id='word_1_120' title='bbox 1322 2139 1359 2195; x_wconf 86' lang='lat' dir='ltr'><strong>ut</strong></span> <span class='ocrx_word' id='word_1_121' title='bbox 1379 2132 1441 2196; x_wconf 92' lang='lat' dir='ltr'><strong>hac</strong></span> 
     </span>
     <span class='ocr_line' id='line_1_15' title="bbox 338 2254 1441 2339; baseline -0.005 -17"><span class='ocrx_word' id='word_1_122' title='bbox 338 2257 498 2322; x_wconf 88' lang='lat' dir='ltr'><strong>locutione</strong></span> <span class='ocrx_word' id='word_1_123' title='bbox 532 2262 673 2330; x_wconf 89' lang='lat' dir='ltr'><strong>utamur,</strong></span> <span class='ocrx_word' id='word_1_124' title='bbox 708 2255 795 2318; x_wconf 88' lang='lat' dir='ltr'><strong>haud</strong></span> <span class='ocrx_word' id='word_1_125' title='bbox 830 2255 925 2320; x_wconf 88' lang='lat' dir='ltr'><strong>dubie</strong></span> <span class='ocrx_word' id='word_1_126' title='bbox 959 2258 992 2318; x_wconf 91' lang='lat' dir='ltr'><strong>in</strong></span> <span class='ocrx_word' id='word_1_127' title='bbox 1024 2275 1060 2319; x_wconf 92' lang='lat' dir='ltr'><strong>eo</strong></span> <span class='ocrx_word' id='word_1_128' title='bbox 1092 2257 1234 2339; x_wconf 91' lang='lat' dir='ltr'><strong>positum</strong></span> <span class='ocrx_word' id='word_1_129' title='bbox 1265 2257 1322 2330; x_wconf 89' lang='lat' dir='ltr'><strong>est,</strong></span> <span class='ocrx_word' id='word_1_130' title='bbox 1355 2254 1441 2338; x_wconf 91' lang='lat' dir='ltr'><strong>quod</strong></span> 
     </span>
     <span class='ocr_line' id='line_1_16' title="bbox 338 2374 1442 2464; baseline -0.004 -22"><span class='ocrx_word' id='word_1_131' title='bbox 338 2381 401 2464; x_wconf 90' lang='lat' dir='ltr'><strong>ipsi</strong></span> <span class='ocrx_word' id='word_1_132' title='bbox 424 2377 470 2442; x_wconf 91' lang='lat' dir='ltr'><strong>dii</strong></span> <span class='ocrx_word' id='word_1_133' title='bbox 488 2378 688 2442; x_wconf 74' lang='lat' dir='ltr'><strong>caerimoniis</strong></span> <span class='ocrx_word' id='word_1_134' title='bbox 707 2375 814 2441; x_wconf 87' lang='lat' dir='ltr'><strong>adesse</strong></span> <span class='ocrx_word' id='word_1_135' title='bbox 834 2377 1052 2441; x_wconf 81' lang='lat' dir='ltr'><strong>credebantur.</strong></span> <span class='ocrx_word' id='word_1_136' title='bbox 1074 2374 1122 2442; x_wconf 78' lang='lat' dir='ltr'><strong>df.</strong></span> <span class='ocrx_word' id='word_1_137' title='bbox 1143 2395 1223 2461; x_wconf 88' lang='lat' dir='ltr'><strong>quae</strong></span> <span class='ocrx_word' id='word_1_138' title='bbox 1243 2375 1280 2440; x_wconf 93' lang='lat' dir='ltr'><strong>de</strong></span> <span class='ocrx_word' id='word_1_139' title='bbox 1300 2374 1442 2456; x_wconf 73' lang='grc' dir='ltr'><strong><em>αὐτοψιρι</em></strong></span> 
     </span>
     <span class='ocr_line' id='line_1_17' title="bbox 338 2495 1496 2590; baseline -0.003 -27"><span class='ocrx_word' id='word_1_140' title='bbox 338 2501 372 2563; x_wconf 92' lang='lat' dir='ltr'><strong>in</strong></span> <span class='ocrx_word' id='word_1_141' title='bbox 407 2497 513 2563; x_wconf 89' lang='lat' dir='ltr'><strong>teletis</strong></span> <span class='ocrx_word' id='word_1_142' title='bbox 548 2498 757 2584; x_wconf 82' lang='lat' dir='ltr'><strong>Aegyptiacis</strong></span> <span class='ocrx_word' id='word_1_143' title='bbox 787 2495 866 2580; x_wconf 69' lang='lat'><strong>§15</strong></span> <span class='ocrx_word' id='word_1_144' title='bbox 898 2519 929 2582; x_wconf 93' lang='lat' dir='ltr'><strong>p.</strong></span> <span class='ocrx_word' id='word_1_145' title='bbox 955 2496 998 2561; x_wconf 82' lang='lat'><strong>90</strong></span> <span class='ocrx_word' id='word_1_146' title='bbox 1023 2519 1068 2582; x_wconf 90' lang='lat' dir='ltr'><strong>sq.</strong></span> <span class='ocrx_word' id='word_1_147' title='bbox 1101 2497 1351 2574; x_wconf 87' lang='lat' dir='ltr'><strong>observavimus,</strong></span> <span class='ocrx_word' id='word_1_148' title='bbox 1384 2496 1439 2560; x_wconf 89' lang='lat' dir='ltr'><strong>Ps.</strong></span> <span class='ocrx_word' id='word_1_149' title='bbox 1494 2587 1496 2590; x_wconf 16' lang='grc' dir='ltr'>Ι</span> 
     </span>
     <span class='ocr_line' id='line_1_18' title="bbox 339 2609 1169 2706; baseline -0.001 -22"><span class='ocrx_word' id='word_1_150' title='bbox 339 2619 492 2706; x_wconf 78' lang='lat' dir='ltr'><strong>Cypriani</strong></span> <span class='ocrx_word' id='word_1_151' title='bbox 516 2639 550 2683; x_wconf 90' lang='lat' dir='ltr'><strong>ac</strong></span> <span class='ocrx_word' id='word_1_152' title='bbox 574 2609 784 2683; x_wconf 78' lang='lat' dir='ltr'><strong>Abammonis</strong></span> <span class='ocrx_word' id='word_1_153' title='bbox 807 2621 991 2682; x_wconf 86' lang='lat' dir='ltr'><strong>testimonio</strong></span> <span class='ocrx_word' id='word_1_154' title='bbox 1016 2618 1169 2683; x_wconf 88' lang='lat' dir='ltr'><strong>adhibito.</strong></span> 
     </span>
    </p>

    <p class='ocr_par' dir='ltr' id='par_1_5' title="bbox 335 2739 1447 4525">
     <span class='ocr_line' id='line_1_19' title="bbox 383 2739 1446 2826; baseline 0 -22"><span class='ocrx_word' id='word_1_155' title='bbox 383 2740 544 2824; x_wconf 79' lang='lat' dir='ltr'><strong>Superest,</strong></span> <span class='ocrx_word' id='word_1_156' title='bbox 569 2744 606 2803; x_wconf 93' lang='lat' dir='ltr'><strong>ut</strong></span> <span class='ocrx_word' id='word_1_157' title='bbox 630 2739 814 2817; x_wconf 87' lang='lat' dir='ltr'><strong>Pausanias,</strong></span> <span class='ocrx_word' id='word_1_158' title='bbox 839 2760 919 2824; x_wconf 86' lang='lat' dir='ltr'><strong>quae</strong></span> <span class='ocrx_word' id='word_1_159' title='bbox 944 2740 982 2805; x_wconf 90' lang='lat' dir='ltr'><strong>de</strong></span> <span class='ocrx_word' id='word_1_160' title='bbox 1006 2740 1271 2826; x_wconf 87' lang='lat' dir='ltr'><strong>mysticisIsidis</strong></span> <span class='ocrx_word' id='word_1_161' title='bbox 1291 2740 1446 2806; x_wconf 51' lang='lat' dir='ltr'><strong>solemni-¹</strong></span> 
     </span>
     <span class='ocr_line' id='line_1_20' title="bbox 340 2859 1437 2944; baseline 0 -18"><span class='ocrx_word' id='word_1_162' title='bbox 340 2862 409 2930; x_wconf 82' lang='lat' dir='ltr'><strong>bus</strong></span> <span class='ocrx_word' id='word_1_163' title='bbox 430 2859 602 2936; x_wconf 85' lang='lat' dir='ltr'><strong>rettulerit,</strong></span> <span class='ocrx_word' id='word_1_164' title='bbox 633 2862 863 2925; x_wconf 81' lang='lat' dir='ltr'><strong>examinemus.</strong></span> <span class='ocrx_word' id='word_1_165' title='bbox 895 2861 1024 2926; x_wconf 78' lang='lat' dir='ltr'><strong>Etenim</strong></span> <span class='ocrx_word' id='word_1_166' title='bbox 1052 2861 1093 2944; x_wconf 86' lang='lat' dir='ltr'><strong>X,</strong></span> <span class='ocrx_word' id='word_1_167' title='bbox 1117 2881 1221 2940; x_wconf 64' lang='grc' dir='ltr'><strong>ΜΠ,</strong></span> <span class='ocrx_word' id='word_1_168' title='bbox 1249 2862 1289 2926; x_wconf 88' lang='grc'><strong>13</strong></span> <span class='ocrx_word' id='word_1_169' title='bbox 1318 2869 1437 2939; x_wconf 87' lang='lat' dir='ltr'><strong>narrat,</strong></span> 
     </span>
     <span class='ocr_line' id='line_1_21' title="bbox 341 2966 1439 3069; baseline -0.001 -20"><span class='ocrx_word' id='word_1_170' title='bbox 341 2966 551 3069; x_wconf 76' lang='lat' dir='ltr'><strong>quadraginta</strong></span> <span class='ocrx_word' id='word_1_171' title='bbox 585 2983 651 3046; x_wconf 88' lang='lat' dir='ltr'><strong>fere</strong></span> <span class='ocrx_word' id='word_1_172' title='bbox 686 2982 788 3046; x_wconf 85' lang='lat' dir='ltr'><strong>stadia</strong></span> <span class='ocrx_word' id='word_1_173' title='bbox 822 2984 860 3047; x_wconf 91' lang='lat' dir='ltr'><strong>ab</strong></span> <span class='ocrx_word' id='word_1_174' title='bbox 896 2984 1011 3069; x_wconf 91' lang='lat' dir='ltr'><strong>oppido</strong></span> <span class='ocrx_word' id='word_1_175' title='bbox 1043 2983 1194 3050; x_wconf 76' lang='lat' dir='ltr'><strong>Tithorea</strong></span> <span class='ocrx_word' id='word_1_176' title='bbox 1225 3006 1291 3050; x_wconf 91' lang='lat' dir='ltr'><strong>esse</strong></span> <span class='ocrx_word' id='word_1_177' title='bbox 1327 2983 1439 3048; x_wconf 71' lang='grc' dir='ltr'><strong><em>ἄδυτον</em></strong></span> 
     </span>
     <span class='ocr_line' id='line_1_22' title="bbox 340 3105 1439 3190; baseline 0.002 -21"><span class='ocrx_word' id='word_1_178' title='bbox 340 3105 414 3183; x_wconf 76' lang='grc' dir='ltr'><strong><em>ἱερὸν</em></strong></span> <span class='ocrx_word' id='word_1_179' title='bbox 442 3105 570 3186; x_wconf 80' lang='grc' dir='ltr'><strong><em>Ἴσιδος,</em></strong></span> <span class='ocrx_word' id='word_1_180' title='bbox 602 3105 775 3181; x_wconf 74' lang='grc' dir='ltr'><strong><em>ἁγιώτατον</em></strong></span> <span class='ocrx_word' id='word_1_181' title='bbox 805 3105 903 3170; x_wconf 75' lang='grc' dir='ltr'><strong><em>ὁπόσα</em></strong></span> <span class='ocrx_word' id='word_1_182' title='bbox 933 3107 1084 3181; x_wconf 77' lang='grc' dir='ltr'><strong><em>Ἕλληνες</em></strong></span> <span class='ocrx_word' id='word_1_183' title='bbox 1117 3107 1170 3185; x_wconf 71' lang='grc' dir='ltr'><strong>θεῷ</strong></span> <span class='ocrx_word' id='word_1_184' title='bbox 1202 3117 1240 3188; x_wconf 69' lang='grc' dir='ltr'><strong>τῇ</strong></span> <span class='ocrx_word' id='word_1_185' title='bbox 1273 3109 1439 3190; x_wconf 70' lang='grc' dir='ltr'><strong><em>Αἰγυπτία</em></strong></span> 
     </span>
     <span class='ocr_line' id='line_1_23' title="bbox 338 3225 1437 3309; baseline 0.003 -20"><span class='ocrx_word' id='word_1_186' title='bbox 338 3225 539 3300; x_wconf 72' lang='grc' dir='ltr'><strong><em>πεποίηνται·</em></strong></span> <span class='ocrx_word' id='word_1_187' title='bbox 571 3225 641 3290; x_wconf 79' lang='grc' dir='ltr'><strong><em>οὔτε</em></strong></span> <span class='ocrx_word' id='word_1_188' title='bbox 668 3229 732 3306; x_wconf 77' lang='grc' dir='ltr'><strong>γὰρ</strong></span> <span class='ocrx_word' id='word_1_189' title='bbox 756 3237 913 3306; x_wconf 83' lang='grc' dir='ltr'><strong><em>περιοικεῖν</em></strong></span> <span class='ocrx_word' id='word_1_190' title='bbox 938 3230 1070 3293; x_wconf 79' lang='grc' dir='ltr'><strong><em>ἐνταῦθα</em></strong></span> <span class='ocrx_word' id='word_1_191' title='bbox 1095 3229 1121 3293; x_wconf 81' lang='grc' dir='ltr'><strong>οἱ</strong></span> <span class='ocrx_word' id='word_1_192' title='bbox 1145 3230 1277 3309; x_wconf 74' lang='grc' dir='ltr'><strong><em>Τιθορεῒς</em></strong></span> <span class='ocrx_word' id='word_1_193' title='bbox 1302 3227 1437 3308; x_wconf 80' lang='grc' dir='ltr'><strong><em>νομίζου-</em></strong></span> 
     </span>
     <span class='ocr_line' id='line_1_24' title="bbox 337 3345 1434 3428; baseline 0 -16"><span class='ocrx_word' id='word_1_194' title='bbox 337 3370 384 3412; x_wconf 89' lang='grc' dir='ltr'><strong><em>σιν</em></strong></span> <span class='ocrx_word' id='word_1_195' title='bbox 418 3345 487 3412; x_wconf 81' lang='grc' dir='ltr'><strong><em>οὕτι</em></strong></span> <span class='ocrx_word' id='word_1_196' title='bbox 519 3346 630 3420; x_wconf 71' lang='grc' dir='ltr'><strong><em>εἴσοδος</em></strong></span> <span class='ocrx_word' id='word_1_197' title='bbox 661 3350 703 3419; x_wconf 80' lang='grc' dir='ltr'><strong>εἰς</strong></span> <span class='ocrx_word' id='word_1_198' title='bbox 735 3350 769 3412; x_wconf 87' lang='grc' dir='ltr'><strong>τὸ</strong></span> <span class='ocrx_word' id='word_1_199' title='bbox 801 3349 911 3414; x_wconf 69' lang='grc' dir='ltr'><strong><em>ἄδυτον</em></strong></span> <span class='ocrx_word' id='word_1_200' title='bbox 941 3348 1048 3420; x_wconf 76' lang='grc' dir='ltr'><strong><em>ἄλλοις</em></strong></span> <span class='ocrx_word' id='word_1_201' title='bbox 1080 3374 1119 3427; x_wconf 81' lang='grc' dir='ltr'><strong>γε</strong></span> <span class='ocrx_word' id='word_1_202' title='bbox 1151 3351 1167 3425; x_wconf 70' lang='grc' dir='ltr'>ἢ</span> <span class='ocrx_word' id='word_1_203' title='bbox 1193 3351 1312 3421; x_wconf 76' lang='grc' dir='ltr'><strong><em>ἐκείνοις</em></strong></span> <span class='ocrx_word' id='word_1_204' title='bbox 1338 3350 1434 3428; x_wconf 78' lang='grc' dir='ltr'><strong><em>ἐστίν,</em></strong></span> 
     </span>
     <span class='ocr_line' id='line_1_25' title="bbox 338 3465 1433 3554; baseline 0.002 -20"><span class='ocrx_word' id='word_1_205' title='bbox 338 3465 387 3541; x_wconf 82' lang='grc' dir='ltr'><strong>οὓς</strong></span> <span class='ocrx_word' id='word_1_206' title='bbox 419 3467 457 3534; x_wconf 72' lang='grc' dir='ltr'><strong>ἂν</strong></span> <span class='ocrx_word' id='word_1_207' title='bbox 477 3470 567 3542; x_wconf 69' lang='grc' dir='ltr'><strong><em>αὐτὴ</em></strong></span> <span class='ocrx_word' id='word_1_208' title='bbox 598 3470 814 3548; x_wconf 71' lang='grc' dir='ltr'><strong><em>προτιμήσασα</em></strong></span> <span class='ocrx_word' id='word_1_209' title='bbox 845 3474 863 3546; x_wconf 70' lang='grc' dir='ltr'><strong><em>ἡ</em></strong></span> <span class='ocrx_word' id='word_1_210' title='bbox 890 3466 968 3544; x_wconf 76' lang='grc' dir='ltr'><strong><em>Ἶσις</em></strong></span> <span class='ocrx_word' id='word_1_211' title='bbox 1002 3472 1118 3552; x_wconf 76' lang='grc' dir='ltr'><strong><em>καλέσγ</em></strong></span> <span class='ocrx_word' id='word_1_212' title='bbox 1148 3476 1248 3554; x_wconf 71' lang='grc' dir='ltr'><strong><em>(σφοῖς</em></strong></span> <span class='ocrx_word' id='word_1_213' title='bbox 1274 3470 1370 3553; x_wconf 78' lang='lat' dir='ltr'><strong>dehi)</strong></span> <span class='ocrx_word' id='word_1_214' title='bbox 1395 3472 1433 3536; x_wconf 80' lang='grc' dir='ltr'><strong><em>δι’</em></strong></span> 
     </span>
     <span class='ocr_line' id='line_1_26' title="bbox 339 3589 1434 3678; baseline 0.007 -24"><span class='ocrx_word' id='word_1_215' title='bbox 339 3590 489 3668; x_wconf 73' lang='grc' dir='ltr'><strong><em>ἐνυπνίων,</em></strong></span> <span class='ocrx_word' id='word_1_216' title='bbox 514 3611 594 3676; x_wconf 84' lang='lat' dir='ltr'><strong>quae</strong></span> <span class='ocrx_word' id='word_1_217' title='bbox 615 3593 683 3656; x_wconf 91' lang='lat' dir='ltr'><strong>iam</strong></span> <span class='ocrx_word' id='word_1_218' title='bbox 706 3592 755 3675; x_wconf 74' lang='lat'><strong>§9</strong></span> <span class='ocrx_word' id='word_1_219' title='bbox 778 3589 876 3678; x_wconf 56' lang='lat' dir='ltr'><strong>p.‘36</strong></span> <span class='ocrx_word' id='word_1_220' title='bbox 901 3594 1116 3659; x_wconf 86' lang='lat' dir='ltr'><strong>exhibuimus.</strong></span> <span class='ocrx_word' id='word_1_221' title='bbox 1141 3594 1190 3660; x_wconf 93' lang='lat' dir='ltr'><strong>Ibi</strong></span> <span class='ocrx_word' id='word_1_222' title='bbox 1213 3596 1318 3660; x_wconf 85' lang='lat' dir='ltr'><strong>bisin</strong></span> <span class='ocrx_word' id='word_1_223' title='bbox 1341 3613 1434 3674; x_wconf 86' lang='lat' dir='ltr'><strong>anno,</strong></span> 
     </span>
     <span class='ocr_line' id='line_1_27' title="bbox 337 3712 1433 3783; baseline 0.005 -7"><span class='ocrx_word' id='word_1_224' title='bbox 337 3733 379 3778; x_wconf 91' lang='lat' dir='ltr'><strong>sc.</strong></span> <span class='ocrx_word' id='word_1_225' title='bbox 404 3732 477 3776; x_wconf 87' lang='lat' dir='ltr'><strong>vere</strong></span> <span class='ocrx_word' id='word_1_226' title='bbox 497 3718 529 3778; x_wconf 89' lang='lat' dir='ltr'><strong>et</strong></span> <span class='ocrx_word' id='word_1_227' title='bbox 548 3716 704 3776; x_wconf 87' lang='lat' dir='ltr'><strong>autumno</strong></span> <span class='ocrx_word' id='word_1_228' title='bbox 724 3712 877 3778; x_wconf 88' lang='lat' dir='ltr'><strong>solemnia</strong></span> <span class='ocrx_word' id='word_1_229' title='bbox 896 3714 990 3778; x_wconf 88' lang='lat' dir='ltr'><strong>Isidis</strong></span> <span class='ocrx_word' id='word_1_230' title='bbox 1010 3715 1169 3780; x_wconf 86' lang='lat' dir='ltr'><strong>celebrari.</strong></span> <span class='ocrx_word' id='word_1_231' title='bbox 1195 3715 1302 3782; x_wconf 76' lang='lat' dir='ltr'><strong>Tertio</strong></span> <span class='ocrx_word' id='word_1_232' title='bbox 1322 3724 1433 3783; x_wconf 87' lang='lat' dir='ltr'><strong>autem</strong></span> 
     </span>
     <span class='ocr_line' id='line_1_28' title="bbox 337 3833 1430 3918; baseline 0.007 -21"><span class='ocrx_word' id='word_1_233' title='bbox 337 3833 388 3897; x_wconf 90' lang='lat' dir='ltr'><strong>die</strong></span> <span class='ocrx_word' id='word_1_234' title='bbox 418 3838 489 3898; x_wconf 90' lang='lat' dir='ltr'><strong>ante</strong></span> <span class='ocrx_word' id='word_1_235' title='bbox 519 3833 639 3897; x_wconf 88' lang='lat' dir='ltr'><strong>festum</strong></span> <span class='ocrx_word' id='word_1_236' title='bbox 666 3833 845 3918; x_wconf 82' lang='lat' dir='ltr'><strong>penetralia</strong></span> <span class='ocrx_word' id='word_1_237' title='bbox 875 3856 986 3900; x_wconf 88' lang='lat' dir='ltr'><strong>arcano</strong></span> <span class='ocrx_word' id='word_1_238' title='bbox 1016 3839 1083 3901; x_wconf 89' lang='lat' dir='ltr'><strong>ritu</strong></span> <span class='ocrx_word' id='word_1_239' title='bbox 1113 3837 1260 3917; x_wconf 88' lang='lat' dir='ltr'><strong>lustrari;</strong></span> <span class='ocrx_word' id='word_1_240' title='bbox 1293 3840 1430 3906; x_wconf 86' lang='lat' dir='ltr'><strong>secundo</strong></span> 
     </span>
     <span class='ocr_line' id='line_1_29' title="bbox 335 3955 1447 4042; baseline 0.007 -24"><span class='ocrx_word' id='word_1_241' title='bbox 335 3957 497 4020; x_wconf 89' lang='lat' dir='ltr'><strong>institores</strong></span> <span class='ocrx_word' id='word_1_242' title='bbox 520 3955 665 4020; x_wconf 89' lang='lat' dir='ltr'><strong>tabernas</strong></span> <span class='ocrx_word' id='word_1_243' title='bbox 689 3977 727 4020; x_wconf 85' lang='lat' dir='ltr'><strong>ex</strong></span> <span class='ocrx_word' id='word_1_244' title='bbox 745 3957 921 4022; x_wconf 89' lang='lat' dir='ltr'><strong>harundine</strong></span> <span class='ocrx_word' id='word_1_245' title='bbox 940 3964 1034 4042; x_wconf 87' lang='lat' dir='ltr'><strong>atque</strong></span> <span class='ocrx_word' id='word_1_246' title='bbox 1054 3958 1117 4023; x_wconf 88' lang='lat' dir='ltr'><strong>alia</strong></span> <span class='ocrx_word' id='word_1_247' title='bbox 1137 3981 1175 4025; x_wconf 85' lang='lat' dir='ltr'><strong>ex</strong></span> <span class='ocrx_word' id='word_1_248' title='bbox 1196 3965 1329 4027; x_wconf 86' lang='lat' dir='ltr'><strong>materia</strong></span> <span class='ocrx_word' id='word_1_249' title='bbox 1349 3962 1447 4028; x_wconf 70' lang='lat' dir='ltr'><strong>aedi-³</strong></span> 
     </span>
     <span class='ocr_line' id='line_1_30' title="bbox 337 4075 1432 4160; baseline 0.01 -22"><span class='ocrx_word' id='word_1_250' title='bbox 337 4075 446 4152; x_wconf 92' lang='lat' dir='ltr'><strong>ficare;</strong></span> <span class='ocrx_word' id='word_1_251' title='bbox 478 4075 595 4141; x_wconf 89' lang='lat' dir='ltr'><strong>ultimo</strong></span> <span class='ocrx_word' id='word_1_252' title='bbox 625 4077 677 4141; x_wconf 89' lang='lat' dir='ltr'><strong>die</strong></span> <span class='ocrx_word' id='word_1_253' title='bbox 707 4098 800 4142; x_wconf 89' lang='lat' dir='ltr'><strong>mane</strong></span> <span class='ocrx_word' id='word_1_254' title='bbox 823 4078 942 4142; x_wconf 85' lang='lat' dir='ltr'><strong>hostias</strong></span> <span class='ocrx_word' id='word_1_255' title='bbox 965 4099 1069 4144; x_wconf 86' lang='lat' dir='ltr'><strong>emere</strong></span> <span class='ocrx_word' id='word_1_256' title='bbox 1093 4079 1218 4160; x_wconf 89' lang='lat' dir='ltr'><strong>Isiacos,</strong></span> <span class='ocrx_word' id='word_1_257' title='bbox 1243 4103 1279 4151; x_wconf 86' lang='lat' dir='ltr'><strong>ac</strong></span> <span class='ocrx_word' id='word_1_258' title='bbox 1301 4084 1432 4150; x_wconf 88' lang='lat' dir='ltr'><strong>ditiores</strong></span> 
     </span>
     <span class='ocr_line' id='line_1_31' title="bbox 337 4197 1433 4291; baseline 0.011 -32"><span class='ocrx_word' id='word_1_259' title='bbox 337 4197 467 4280; x_wconf 91' lang='lat' dir='ltr'><strong>quidem</strong></span> <span class='ocrx_word' id='word_1_260' title='bbox 493 4197 594 4263; x_wconf 69' lang='lat' dir='ltr'><strong>,boves</strong></span> <span class='ocrx_word' id='word_1_261' title='bbox 617 4219 798 4283; x_wconf 83' lang='lat' dir='ltr'><strong>cervosque,</strong></span> <span class='ocrx_word' id='word_1_262' title='bbox 823 4220 946 4264; x_wconf 89' lang='lat' dir='ltr'><strong>anseres</strong></span> <span class='ocrx_word' id='word_1_263' title='bbox 969 4208 1002 4264; x_wconf 86' lang='lat' dir='ltr'><strong>et</strong></span> <span class='ocrx_word' id='word_1_264' title='bbox 1024 4201 1233 4289; x_wconf 79' lang='lat' dir='ltr'><strong>meleagrides</strong></span> <span class='ocrx_word' id='word_1_265' title='bbox 1256 4224 1331 4270; x_wconf 87' lang='lat' dir='ltr'><strong>aves</strong></span> <span class='ocrx_word' id='word_1_266' title='bbox 1356 4225 1433 4291; x_wconf 84' lang='lat' dir='ltr'><strong>pau·</strong></span> 
     </span>
     <span class='ocr_line' id='line_1_32' title="bbox 336 4317 1430 4403; baseline 0.008 -22"><span class='ocrx_word' id='word_1_267' title='bbox 336 4319 492 4402; x_wconf 88' lang='lat' dir='ltr'><strong>periores;</strong></span> <span class='ocrx_word' id='word_1_268' title='bbox 535 4317 762 4402; x_wconf 88' lang='lat' dir='ltr'><strong>pomeridianis</strong></span> <span class='ocrx_word' id='word_1_269' title='bbox 802 4317 936 4403; x_wconf 89' lang='lat' dir='ltr'><strong>denique</strong></span> <span class='ocrx_word' id='word_1_270' title='bbox 975 4320 1060 4384; x_wconf 91' lang='lat' dir='ltr'><strong>horis</strong></span> <span class='ocrx_word' id='word_1_271' title='bbox 1095 4343 1181 4388; x_wconf 89' lang='lat' dir='ltr'><strong>sacra</strong></span> <span class='ocrx_word' id='word_1_272' title='bbox 1217 4323 1295 4390; x_wconf 85' lang='lat' dir='ltr'><strong>heri.</strong></span> <span class='ocrx_word' id='word_1_273' title='bbox 1342 4323 1430 4390; x_wconf 92' lang='lat' dir='ltr'><strong>Dum</strong></span> 
     </span>
     <span class='ocr_line' id='line_1_33' title="bbox 336 4437 1431 4525; baseline 0.008 -23"><span class='ocrx_word' id='word_1_274' title='bbox 336 4437 430 4504; x_wconf 86' lang='lat' dir='ltr'><strong>Isiaci</strong></span> <span class='ocrx_word' id='word_1_275' title='bbox 453 4438 571 4502; x_wconf 89' lang='lat' dir='ltr'><strong>hostias</strong></span> <span class='ocrx_word' id='word_1_276' title='bbox 595 4442 629 4504; x_wconf 90' lang='lat' dir='ltr'><strong>in</strong></span> <span class='ocrx_word' id='word_1_277' title='bbox 652 4439 787 4525; x_wconf 87' lang='lat' dir='ltr'><strong>adytum</strong></span> <span class='ocrx_word' id='word_1_278' title='bbox 807 4447 914 4525; x_wconf 85' lang='lat' dir='ltr'><strong>agant,</strong></span> <span class='ocrx_word' id='word_1_279' title='bbox 933 4443 1106 4520; x_wconf 87' lang='lat' dir='ltr'><strong>institores,</strong></span> <span class='ocrx_word' id='word_1_280' title='bbox 1127 4448 1264 4511; x_wconf 90' lang='lat' dir='ltr'><strong>tabernis</strong></span> <span class='ocrx_word' id='word_1_281' title='bbox 1283 4449 1431 4524; x_wconf 83' lang='lat' dir='ltr'><strong>incensis,</strong></span> 
     </span>
    </p>
   </div>
   <div class='ocr_carea' id='block_1_5' title="bbox 0 0 1678 5376">
    <p class='ocr_par' dir='ltr' id='par_1_6' title="bbox 0 0 1678 5376">
     <span class='ocr_line' id='line_1_34' title="bbox 0 0 1678 5376; baseline 0 0"><span class='ocrx_word' id='word_1_282' title='bbox 0 0 1678 5376; x_wconf 95' lang='lat' dir='ltr'><strong> </strong></span> 
     </span>
    </p>
   </div>
  </div>
 </body>
</html>
