<?xml version="1.0" encoding="UTF-8"?>
<!DOCTYPE html PUBLIC "-//W3C//DTD XHTML 1.0 Transitional//EN"
    "http://www.w3.org/TR/xhtml1/DTD/xhtml1-transitional.dtd">
<html xmlns="http://www.w3.org/1999/xhtml" xml:lang="en" lang="en">
 <head>
  <title>
</title>
<meta http-equiv="Content-Type" content="text/html;charset=utf-8" />
  <meta name='ocr-system' content='tesseract 3.04.00' />
  <meta name='ocr-capabilities' content='ocr_page ocr_carea ocr_par ocr_line ocrx_word'/>
</head>
<body>
  <div class='ocr_page' id='page_1' title='image "./deapuleioisiaco01jonggoog_0061.png"; bbox 0 0 3404 5368; ppageno 0'>
   <div class='ocr_carea' id='block_1_1' title="bbox 873 509 915 574">
    <p class='ocr_par' dir='ltr' id='par_1_1' title="bbox 873 509 915 574">
     <span class='ocr_line' id='line_1_1' title="bbox 873 509 915 574; baseline 0 0"><span class='ocrx_word' id='word_1_1' title='bbox 873 509 915 574; x_wconf 78' lang='lat'><strong>50</strong></span> 
     </span>
    </p>
   </div>
   <div class='ocr_carea' id='block_1_2' title="bbox 345 690 1444 1758">
    <p class='ocr_par' dir='ltr' id='par_1_2' title="bbox 345 690 1444 1758">
     <span class='ocr_line' id='line_1_2' title="bbox 345 690 1440 779; baseline -0.005 -16"><span class='ocrx_word' id='word_1_2' title='bbox 345 696 480 762; x_wconf 87' lang='lat' dir='ltr'><strong>eohibes.</strong></span> <span class='ocrx_word' id='word_1_3' title='bbox 493 694 537 760; x_wconf 78' lang='lat' dir='ltr'><strong>Te</strong></span> <span class='ocrx_word' id='word_1_4' title='bbox 557 695 664 779; x_wconf 88' lang='lat' dir='ltr'><strong>superi</strong></span> <span class='ocrx_word' id='word_1_5' title='bbox 685 693 794 758; x_wconf 82' lang='lat' dir='ltr'><strong>colunt</strong></span> <span class='ocrx_word' id='word_1_6' title='bbox 807 690 843 773; x_wconf 83' lang='lat'><strong>¹),</strong></span> <span class='ocrx_word' id='word_1_7' title='bbox 863 693 1030 758; x_wconf 87' lang='lat' dir='ltr'><strong>observant</strong></span> <span class='ocrx_word' id='word_1_8' title='bbox 1048 693 1152 770; x_wconf 86' lang='lat' dir='ltr'><strong>inferi,</strong></span> <span class='ocrx_word' id='word_1_9' title='bbox 1172 697 1210 758; x_wconf 90' lang='lat' dir='ltr'><strong>tu</strong></span> <span class='ocrx_word' id='word_1_10' title='bbox 1221 697 1308 759; x_wconf 88' lang='lat' dir='ltr'><strong>rotas</strong></span> <span class='ocrx_word' id='word_1_11' title='bbox 1320 693 1440 772; x_wconf 87' lang='lat' dir='ltr'><strong>orbem,</strong></span> 
     </span>
     <span class='ocr_line' id='line_1_3' title="bbox 345 813 1444 903; baseline -0.002 -21"><span class='ocrx_word' id='word_1_12' title='bbox 345 816 485 884; x_wconf 87' lang='lat' dir='ltr'><strong>luminas</strong></span> <span class='ocrx_word' id='word_1_13' title='bbox 514 816 624 894; x_wconf 88' lang='lat' dir='ltr'><strong>solem,</strong></span> <span class='ocrx_word' id='word_1_14' title='bbox 655 817 742 903; x_wconf 81' lang='lat' dir='ltr'><strong>regis</strong></span> <span class='ocrx_word' id='word_1_15' title='bbox 773 815 941 892; x_wconf 90' lang='lat' dir='ltr'><strong>mundum,</strong></span> <span class='ocrx_word' id='word_1_16' title='bbox 973 813 1073 880; x_wconf 85' lang='lat' dir='ltr'><strong>oaloas</strong></span> <span class='ocrx_word' id='word_1_17' title='bbox 1096 813 1275 880; x_wconf 77' lang='lat' dir='ltr'><strong>Tartarum.</strong></span> <span class='ocrx_word' id='word_1_18' title='bbox 1300 813 1373 880; x_wconf 75' lang='lat' dir='ltr'><strong>Tibi</strong></span> <span class='ocrx_word' id='word_1_19' title='bbox 1397 836 1444 881; x_wconf 92' lang='lat' dir='ltr'><strong>re·</strong></span> 
     </span>
     <span class='ocr_line' id='line_1_4' title="bbox 347 937 1443 1026; baseline -0.004 -20"><span class='ocrx_word' id='word_1_20' title='bbox 347 939 500 1026; x_wconf 89' lang='lat' dir='ltr'><strong>spondent</strong></span> <span class='ocrx_word' id='word_1_21' title='bbox 519 938 632 1015; x_wconf 89' lang='lat' dir='ltr'><strong>sidera,</strong></span> <span class='ocrx_word' id='word_1_22' title='bbox 656 937 790 1003; x_wconf 86' lang='lat' dir='ltr'><strong>redeunt</strong></span> <span class='ocrx_word' id='word_1_23' title='bbox 813 943 967 1022; x_wconf 87' lang='lat' dir='ltr'><strong>tempora,</strong></span> <span class='ocrx_word' id='word_1_24' title='bbox 987 937 1130 1024; x_wconf 84' lang='lat' dir='ltr'><strong>gaudent</strong></span> <span class='ocrx_word' id='word_1_25' title='bbox 1141 940 1284 1016; x_wconf 88' lang='lat' dir='ltr'><strong>numina,</strong></span> <span class='ocrx_word' id='word_1_26' title='bbox 1297 939 1443 1004; x_wconf 86' lang='lat' dir='ltr'><strong>serviunt</strong></span> 
     </span>
     <span class='ocr_line' id='line_1_5' title="bbox 347 1059 1444 1146; baseline -0.004 -18"><span class='ocrx_word' id='word_1_27' title='bbox 347 1062 513 1128; x_wconf 87' lang='lat' dir='ltr'><strong>elementa.</strong></span> <span class='ocrx_word' id='word_1_28' title='bbox 545 1060 614 1126; x_wconf 77' lang='lat' dir='ltr'><strong>Tuo</strong></span> <span class='ocrx_word' id='word_1_29' title='bbox 644 1066 727 1125; x_wconf 91' lang='lat' dir='ltr'><strong>nutu</strong></span> <span class='ocrx_word' id='word_1_30' title='bbox 753 1062 875 1145; x_wconf 75' lang='lat' dir='ltr'><strong>spirant</strong></span> <span class='ocrx_word' id='word_1_31' title='bbox 897 1059 1036 1137; x_wconf 88' lang='lat' dir='ltr'><strong>flamina,</strong></span> <span class='ocrx_word' id='word_1_32' title='bbox 1060 1062 1208 1125; x_wconf 88' lang='lat' dir='ltr'><strong>nutriunt</strong></span> <span class='ocrx_word' id='word_1_33' title='bbox 1230 1059 1350 1137; x_wconf 86' lang='lat' dir='ltr'><strong>nubila,</strong></span> <span class='ocrx_word' id='word_1_34' title='bbox 1375 1081 1444 1146; x_wconf 80' lang='lat' dir='ltr'><strong>ger·</strong></span> 
     </span>
     <span class='ocr_line' id='line_1_6' title="bbox 347 1179 1444 1269; baseline -0.001 -20"><span class='ocrx_word' id='word_1_35' title='bbox 347 1187 471 1249; x_wconf 78' lang='lat' dir='ltr'><strong>minant</strong></span> <span class='ocrx_word' id='word_1_36' title='bbox 501 1185 632 1259; x_wconf 86' lang='lat' dir='ltr'><strong>semina,</strong></span> <span class='ocrx_word' id='word_1_37' title='bbox 663 1188 808 1247; x_wconf 85' lang='lat' dir='ltr'><strong>creseunt</strong></span> <span class='ocrx_word' id='word_1_38' title='bbox 838 1184 993 1267; x_wconf 80' lang='lat' dir='ltr'><strong>germina.</strong></span> <span class='ocrx_word' id='word_1_39' title='bbox 1025 1179 1128 1246; x_wconf 75' lang='lat' dir='ltr'><strong>Tuam</strong></span> <span class='ocrx_word' id='word_1_40' title='bbox 1151 1183 1353 1247; x_wconf 86' lang='lat' dir='ltr'><strong>maiestatem</strong></span> <span class='ocrx_word' id='word_1_41' title='bbox 1376 1205 1444 1269; x_wconf 86' lang='lat' dir='ltr'><strong>per-</strong></span> 
     </span>
     <span class='ocr_line' id='line_1_7' title="bbox 347 1302 1442 1384; baseline -0.002 -12"><span class='ocrx_word' id='word_1_42' title='bbox 347 1307 534 1372; x_wconf 85' lang='lat' dir='ltr'><strong>horrescunt</strong></span> <span class='ocrx_word' id='word_1_43' title='bbox 567 1325 642 1370; x_wconf 84' lang='lat' dir='ltr'><strong>ares</strong></span> <span class='ocrx_word' id='word_1_44' title='bbox 676 1302 763 1369; x_wconf 81' lang='lat' dir='ltr'><strong>coelo</strong></span> <span class='ocrx_word' id='word_1_45' title='bbox 793 1309 946 1382; x_wconf 84' lang='lat' dir='ltr'><strong>meantes,</strong></span> <span class='ocrx_word' id='word_1_46' title='bbox 981 1303 1065 1368; x_wconf 84' lang='lat' dir='ltr'><strong>ferae</strong></span> <span class='ocrx_word' id='word_1_47' title='bbox 1098 1303 1262 1368; x_wconf 91' lang='lat' dir='ltr'><strong>montibus</strong></span> <span class='ocrx_word' id='word_1_48' title='bbox 1292 1310 1442 1384; x_wconf 79' lang='lat' dir='ltr'><strong>errantes,</strong></span> 
     </span>
     <span class='ocr_line' id='line_1_8' title="bbox 349 1422 1444 1514; baseline -0.003 -20"><span class='ocrx_word' id='word_1_49' title='bbox 349 1432 509 1514; x_wconf 80' lang='lat' dir='ltr'><strong>serpentes</strong></span> <span class='ocrx_word' id='word_1_50' title='bbox 537 1425 602 1492; x_wconf 92' lang='lat' dir='ltr'><strong>solo</strong></span> <span class='ocrx_word' id='word_1_51' title='bbox 632 1425 777 1503; x_wconf 88' lang='lat' dir='ltr'><strong>latentes,</strong></span> <span class='ocrx_word' id='word_1_52' title='bbox 809 1425 921 1491; x_wconf 88' lang='lat' dir='ltr'><strong>beluae</strong></span> <span class='ocrx_word' id='word_1_53' title='bbox 948 1431 1044 1510; x_wconf 88' lang='lat' dir='ltr'><strong>ponto</strong></span> <span class='ocrx_word' id='word_1_54' title='bbox 1067 1430 1220 1490; x_wconf 86' lang='lat' dir='ltr'><strong>natantes.</strong></span> <span class='ocrx_word' id='word_1_55' title='bbox 1245 1422 1291 1490; x_wconf 90' lang='lat' dir='ltr'><strong>At</strong></span> <span class='ocrx_word' id='word_1_56' title='bbox 1314 1447 1374 1511; x_wconf 82' lang='lat' dir='ltr'><strong>ego</strong></span> <span class='ocrx_word' id='word_1_57' title='bbox 1398 1447 1444 1491; x_wconf 86' lang='lat' dir='ltr'><strong>re-</strong></span> 
     </span>
     <span class='ocr_line' id='line_1_9' title="bbox 348 1546 1443 1632; baseline -0.004 -17"><span class='ocrx_word' id='word_1_58' title='bbox 348 1551 484 1616; x_wconf 87' lang='lat' dir='ltr'><strong>ferendis</strong></span> <span class='ocrx_word' id='word_1_59' title='bbox 506 1549 655 1615; x_wconf 88' lang='lat' dir='ltr'><strong>laudibus</strong></span> <span class='ocrx_word' id='word_1_60' title='bbox 678 1550 743 1612; x_wconf 90' lang='lat' dir='ltr'><strong>tuis</strong></span> <span class='ocrx_word' id='word_1_61' title='bbox 763 1547 856 1614; x_wconf 84' lang='lat' dir='ltr'><strong>exilis</strong></span> <span class='ocrx_word' id='word_1_62' title='bbox 875 1548 1004 1632; x_wconf 81' lang='lat' dir='ltr'><strong>ingenio</strong></span> <span class='ocrx_word' id='word_1_63' title='bbox 1024 1552 1056 1612; x_wconf 90' lang='lat' dir='ltr'><strong>et</strong></span> <span class='ocrx_word' id='word_1_64' title='bbox 1076 1546 1261 1612; x_wconf 88' lang='lat' dir='ltr'><strong>adhibendis</strong></span> <span class='ocrx_word' id='word_1_65' title='bbox 1282 1546 1443 1612; x_wconf 78' lang='lat' dir='ltr'><strong>sacrifieiis</strong></span> 
     </span>
     <span class='ocr_line' id='line_1_10' title="bbox 349 1668 1444 1758; baseline -0.005 -20"><span class='ocrx_word' id='word_1_66' title='bbox 349 1675 454 1738; x_wconf 88' lang='lat' dir='ltr'><strong>tenuis</strong></span> <span class='ocrx_word' id='word_1_67' title='bbox 477 1673 685 1758; x_wconf 87' lang='lat' dir='ltr'><strong>patrimonio:</strong></span> <span class='ocrx_word' id='word_1_68' title='bbox 709 1691 767 1735; x_wconf 89' lang='lat' dir='ltr'><strong>neo</strong></span> <span class='ocrx_word' id='word_1_69' title='bbox 789 1669 872 1732; x_wconf 94' lang='lat' dir='ltr'><strong>mihi</strong></span> <span class='ocrx_word' id='word_1_70' title='bbox 895 1671 981 1733; x_wconf 84' lang='lat' dir='ltr'><strong>voris</strong></span> <span class='ocrx_word' id='word_1_71' title='bbox 1004 1669 1131 1734; x_wconf 87' lang='lat' dir='ltr'><strong>ubertas</strong></span> <span class='ocrx_word' id='word_1_72' title='bbox 1154 1668 1344 1734; x_wconf 80' lang='lat' dir='ltr'><strong>addicenda</strong></span> <span class='ocrx_word' id='word_1_73' title='bbox 1364 1690 1444 1754; x_wconf 90' lang='lat' dir='ltr'><strong>quae</strong></span> 
     </span>
    </p>
   </div>
   <div class='ocr_carea' id='block_1_3' title="bbox 251 1789 1444 1873">
    <p class='ocr_par' dir='ltr' id='par_1_3' title="bbox 251 1789 1444 1873">
     <span class='ocr_line' id='line_1_11' title="bbox 251 1789 1444 1873; baseline -0.003 -14"><span class='ocrx_word' id='word_1_74' title='bbox 251 1845 254 1852; x_wconf 90' lang='lat'><strong>.</strong></span> <span class='ocrx_word' id='word_1_75' title='bbox 349 1794 387 1859; x_wconf 93' lang='lat' dir='ltr'><strong>de</strong></span> <span class='ocrx_word' id='word_1_76' title='bbox 414 1800 470 1858; x_wconf 86' lang='lat' dir='ltr'><strong>tua</strong></span> <span class='ocrx_word' id='word_1_77' title='bbox 492 1795 657 1858; x_wconf 87' lang='lat' dir='ltr'><strong>maiestate</strong></span> <span class='ocrx_word' id='word_1_78' title='bbox 681 1793 782 1856; x_wconf 89' lang='lat' dir='ltr'><strong>sentio</strong></span> <span class='ocrx_word' id='word_1_79' title='bbox 805 1789 920 1854; x_wconf 88' lang='lat' dir='ltr'><strong>suffieit</strong></span> <span class='ocrx_word' id='word_1_80' title='bbox 943 1811 1000 1855; x_wconf 87' lang='lat' dir='ltr'><strong>neo</strong></span> <span class='ocrx_word' id='word_1_81' title='bbox 1025 1792 1251 1873; x_wconf 71' lang='lat' dir='ltr'><strong>(sufficerent)</strong></span> <span class='ocrx_word' id='word_1_82' title='bbox 1277 1812 1330 1856; x_wconf 86' lang='lat' dir='ltr'><strong>ors</strong></span> <span class='ocrx_word' id='word_1_83' title='bbox 1353 1789 1444 1856; x_wconf 91' lang='lat' dir='ltr'><strong>mille</strong></span> 
     </span>
    </p>
   </div>
   <div class='ocr_carea' id='block_1_4' title="bbox 349 1910 1445 2975">
    <p class='ocr_par' dir='ltr' id='par_1_4' title="bbox 349 1910 1445 2488">
     <span class='ocr_line' id='line_1_12' title="bbox 349 1910 1444 2002; baseline -0.001 -23"><span class='ocrx_word' id='word_1_84' title='bbox 349 1914 543 2002; x_wconf 80' lang='lat' dir='ltr'><strong>linguaeque</strong></span> <span class='ocrx_word' id='word_1_85' title='bbox 570 1913 706 1980; x_wconf 89' lang='lat' dir='ltr'><strong>totidem</strong></span> <span class='ocrx_word' id='word_1_86' title='bbox 736 1911 789 1978; x_wconf 85' lang='lat' dir='ltr'><strong>vel</strong></span> <span class='ocrx_word' id='word_1_87' title='bbox 817 1910 967 1975; x_wconf 86' lang='lat' dir='ltr'><strong>indefessi</strong></span> <span class='ocrx_word' id='word_1_88' title='bbox 997 1916 1151 1977; x_wconf 86' lang='lat' dir='ltr'><strong>sermonis</strong></span> <span class='ocrx_word' id='word_1_89' title='bbox 1181 1918 1307 1978; x_wconf 88' lang='lat' dir='ltr'><strong>aeterna</strong></span> <span class='ocrx_word' id='word_1_90' title='bbox 1338 1915 1444 1978; x_wconf 89' lang='lat' dir='ltr'><strong>series.</strong></span> 
     </span>
     <span class='ocr_line' id='line_1_13' title="bbox 352 2035 1445 2122; baseline 0 -22"><span class='ocrx_word' id='word_1_91' title='bbox 352 2035 439 2122; x_wconf 77' lang='lat' dir='ltr'><strong>Ergo</strong></span> <span class='ocrx_word' id='word_1_92' title='bbox 475 2036 557 2122; x_wconf 92' lang='lat' dir='ltr'><strong>quod</strong></span> <span class='ocrx_word' id='word_1_93' title='bbox 592 2035 696 2101; x_wconf 88' lang='lat' dir='ltr'><strong>solum</strong></span> <span class='ocrx_word' id='word_1_94' title='bbox 729 2042 834 2121; x_wconf 87' lang='lat' dir='ltr'><strong>potest</strong></span> <span class='ocrx_word' id='word_1_95' title='bbox 868 2037 1039 2122; x_wconf 77' lang='lat' dir='ltr'><strong>religiosus</strong></span> <span class='ocrx_word' id='word_1_96' title='bbox 1073 2035 1203 2120; x_wconf 90' lang='lat' dir='ltr'><strong>quidem</strong></span> <span class='ocrx_word' id='word_1_97' title='bbox 1238 2036 1293 2101; x_wconf 91' lang='lat' dir='ltr'><strong>sed</strong></span> <span class='ocrx_word' id='word_1_98' title='bbox 1325 2057 1445 2121; x_wconf 88' lang='lat' dir='ltr'><strong>pauper</strong></span> 
     </span>
     <span class='ocr_line' id='line_1_14' title="bbox 353 2156 1444 2243; baseline 0.001 -21"><span class='ocrx_word' id='word_1_99' title='bbox 353 2158 506 2243; x_wconf 86' lang='lat' dir='ltr'><strong>alioquin,</strong></span> <span class='ocrx_word' id='word_1_100' title='bbox 542 2157 662 2222; x_wconf 89' lang='lat' dir='ltr'><strong>affioere</strong></span> <span class='ocrx_word' id='word_1_101' title='bbox 692 2159 824 2223; x_wconf 83' lang='lat' dir='ltr'><strong>curabo:</strong></span> <span class='ocrx_word' id='word_1_102' title='bbox 857 2157 984 2224; x_wconf 89' lang='lat' dir='ltr'><strong>divinos</strong></span> <span class='ocrx_word' id='word_1_103' title='bbox 1014 2164 1087 2222; x_wconf 91' lang='lat' dir='ltr'><strong>tuos</strong></span> <span class='ocrx_word' id='word_1_104' title='bbox 1119 2156 1231 2223; x_wconf 82' lang='lat' dir='ltr'><strong>vultus</strong></span> <span class='ocrx_word' id='word_1_105' title='bbox 1262 2178 1444 2242; x_wconf 88' lang='lat' dir='ltr'><strong>numenque</strong></span> 
     </span>
     <span class='ocr_line' id='line_1_15' title="bbox 351 2275 1445 2365; baseline -0.001 -21"><span class='ocrx_word' id='word_1_106' title='bbox 351 2281 589 2344; x_wconf 78' lang='lat' dir='ltr'><strong>sanctissimum</strong></span> <span class='ocrx_word' id='word_1_107' title='bbox 611 2275 695 2344; x_wconf 88' lang='lat' dir='ltr'><strong>intra</strong></span> <span class='ocrx_word' id='word_1_108' title='bbox 717 2281 853 2363; x_wconf 88' lang='lat' dir='ltr'><strong>peotoris</strong></span> <span class='ocrx_word' id='word_1_109' title='bbox 876 2282 941 2345; x_wconf 90' lang='lat' dir='ltr'><strong>mei</strong></span> <span class='ocrx_word' id='word_1_110' title='bbox 964 2284 1083 2344; x_wconf 79' lang='lat' dir='ltr'><strong>secreta</strong></span> <span class='ocrx_word' id='word_1_111' title='bbox 1106 2279 1272 2344; x_wconf 85' lang='lat' dir='ltr'><strong>eonditum</strong></span> <span class='ocrx_word' id='word_1_112' title='bbox 1291 2284 1445 2365; x_wconf 88' lang='lat' dir='ltr'><strong>perpetuo</strong></span> 
     </span>
     <span class='ocr_line' id='line_1_16' title="bbox 353 2400 792 2488; baseline -0.005 -20"><span class='ocrx_word' id='word_1_113' title='bbox 353 2401 533 2468; x_wconf 77' lang='lat' dir='ltr'><strong>custodiens</strong></span> <span class='ocrx_word' id='word_1_114' title='bbox 555 2400 792 2488; x_wconf 83' lang='lat' dir='ltr'><strong>imaginabor.”</strong></span> 
     </span>
    </p>

    <p class='ocr_par' dir='ltr' id='par_1_5' title="bbox 350 2523 1445 2975">
     <span class='ocr_line' id='line_1_17' title="bbox 397 2523 1445 2609; baseline -0.001 -20"><span class='ocrx_word' id='word_1_115' title='bbox 397 2524 447 2589; x_wconf 88' lang='lat' dir='ltr'><strong>Ad</strong></span> <span class='ocrx_word' id='word_1_116' title='bbox 475 2527 577 2590; x_wconf 88' lang='lat' dir='ltr'><strong>istum</strong></span> <span class='ocrx_word' id='word_1_117' title='bbox 606 2523 739 2589; x_wconf 91' lang='lat' dir='ltr'><strong>modum</strong></span> <span class='ocrx_word' id='word_1_118' title='bbox 770 2523 935 2609; x_wconf 76' lang='lat' dir='ltr'><strong>deprecato</strong></span> <span class='ocrx_word' id='word_1_119' title='bbox 958 2545 1085 2589; x_wconf 90' lang='lat' dir='ltr'><strong>summo</strong></span> <span class='ocrx_word' id='word_1_120' title='bbox 1106 2527 1238 2589; x_wconf 89' lang='lat' dir='ltr'><strong>numine</strong></span> <span class='ocrx_word' id='word_1_121' title='bbox 1262 2523 1445 2608; x_wconf 80' lang='lat' dir='ltr'><strong>complexus</strong></span> 
     </span>
     <span class='ocr_line' id='line_1_18' title="bbox 351 2644 1445 2731; baseline -0.001 -21"><span class='ocrx_word' id='word_1_122' title='bbox 351 2645 507 2711; x_wconf 83' lang='lat' dir='ltr'><strong>Mithram</strong></span> <span class='ocrx_word' id='word_1_123' title='bbox 530 2645 724 2711; x_wconf 79' lang='lat' dir='ltr'><strong>sacerdotem</strong></span> <span class='ocrx_word' id='word_1_124' title='bbox 747 2649 779 2709; x_wconf 88' lang='lat' dir='ltr'><strong>et</strong></span> <span class='ocrx_word' id='word_1_125' title='bbox 801 2666 911 2710; x_wconf 92' lang='lat' dir='ltr'><strong>meum</strong></span> <span class='ocrx_word' id='word_1_126' title='bbox 933 2647 999 2710; x_wconf 91' lang='lat' dir='ltr'><strong>iam</strong></span> <span class='ocrx_word' id='word_1_127' title='bbox 1023 2650 1186 2731; x_wconf 89' lang='lat' dir='ltr'><strong>parentem</strong></span> <span class='ocrx_word' id='word_1_128' title='bbox 1209 2644 1353 2731; x_wconf 89' lang='lat' dir='ltr'><strong>oolloque</strong></span> <span class='ocrx_word' id='word_1_129' title='bbox 1376 2648 1445 2710; x_wconf 90' lang='lat' dir='ltr'><strong>eius</strong></span> 
     </span>
     <span class='ocr_line' id='line_1_19' title="bbox 350 2765 1442 2852; baseline 0.002 -22"><span class='ocrx_word' id='word_1_130' title='bbox 350 2765 464 2831; x_wconf 89' lang='lat' dir='ltr'><strong>multis</strong></span> <span class='ocrx_word' id='word_1_131' title='bbox 498 2765 613 2831; x_wconf 82' lang='lat' dir='ltr'><strong>osculis</strong></span> <span class='ocrx_word' id='word_1_132' title='bbox 646 2767 812 2830; x_wconf 90' lang='lat' dir='ltr'><strong>inhaerens</strong></span> <span class='ocrx_word' id='word_1_133' title='bbox 846 2768 975 2831; x_wconf 84' lang='lat' dir='ltr'><strong>reniam</strong></span> <span class='ocrx_word' id='word_1_134' title='bbox 1008 2766 1219 2852; x_wconf 87' lang='lat' dir='ltr'><strong>postulabam,</strong></span> <span class='ocrx_word' id='word_1_135' title='bbox 1256 2767 1340 2852; x_wconf 91' lang='lat' dir='ltr'><strong>quod</strong></span> <span class='ocrx_word' id='word_1_136' title='bbox 1369 2788 1442 2832; x_wconf 90' lang='lat' dir='ltr'><strong>eum</strong></span> 
     </span>
     <span class='ocr_line' id='line_1_20' title="bbox 350 2887 1251 2975; baseline 0 -21"><span class='ocrx_word' id='word_1_137' title='bbox 350 2888 505 2974; x_wconf 78' lang='lat' dir='ltr'><strong>condigne</strong></span> <span class='ocrx_word' id='word_1_138' title='bbox 527 2889 625 2952; x_wconf 87' lang='lat' dir='ltr'><strong>tantis</strong></span> <span class='ocrx_word' id='word_1_139' title='bbox 649 2887 806 2952; x_wconf 89' lang='lat' dir='ltr'><strong>benefieiis</strong></span> <span class='ocrx_word' id='word_1_140' title='bbox 829 2891 991 2954; x_wconf 89' lang='lat' dir='ltr'><strong>munerari</strong></span> <span class='ocrx_word' id='word_1_141' title='bbox 1014 2891 1200 2975; x_wconf 90' lang='lat' dir='ltr'><strong>nequirem’&#39;</strong></span> <span class='ocrx_word' id='word_1_142' title='bbox 1215 2888 1251 2970; x_wconf 74' lang='lat'><strong>⁹).</strong></span> 
     </span>
    </p>
   </div>
   <div class='ocr_carea' id='block_1_5' title="bbox 396 3009 1445 3099">
    <p class='ocr_par' dir='ltr' id='par_1_6' title="bbox 396 3009 1445 3099">
     <span class='ocr_line' id='line_1_21' title="bbox 396 3009 1445 3099; baseline -0.002 -21"><span class='ocrx_word' id='word_1_143' title='bbox 396 3009 569 3078; x_wconf 76' lang='lat' dir='ltr'><strong>Credamus</strong></span> <span class='ocrx_word' id='word_1_144' title='bbox 593 3016 659 3075; x_wconf 89' lang='lat' dir='ltr'><strong>tam</strong></span> <span class='ocrx_word' id='word_1_145' title='bbox 682 3010 905 3077; x_wconf 84' lang='lat' dir='ltr'><strong>vehementem</strong></span> <span class='ocrx_word' id='word_1_146' title='bbox 928 3015 1028 3077; x_wconf 87' lang='lat' dir='ltr'><strong>animi</strong></span> <span class='ocrx_word' id='word_1_147' title='bbox 1052 3022 1180 3078; x_wconf 88' lang='lat' dir='ltr'><strong>motum</strong></span> <span class='ocrx_word' id='word_1_148' title='bbox 1199 3033 1261 3077; x_wconf 93' lang='lat' dir='ltr'><strong>non</strong></span> <span class='ocrx_word' id='word_1_149' title='bbox 1278 3014 1340 3076; x_wconf 89' lang='lat' dir='ltr'><strong>nisi</strong></span> <span class='ocrx_word' id='word_1_150' title='bbox 1359 3033 1445 3099; x_wconf 87' lang='lat' dir='ltr'><strong>sym-</strong></span> 
     </span>
    </p>
   </div>
   <div class='ocr_carea' id='block_1_6' title="bbox 349 3132 1448 3948">
    <p class='ocr_par' dir='ltr' id='par_1_7' title="bbox 349 3132 1448 3948">
     <span class='ocr_line' id='line_1_22' title="bbox 349 3132 1445 3220; baseline 0 -21"><span class='ocrx_word' id='word_1_151' title='bbox 349 3132 498 3199; x_wconf 91' lang='lat' dir='ltr'><strong>bolorum</strong></span> <span class='ocrx_word' id='word_1_152' title='bbox 533 3133 740 3219; x_wconf 89' lang='lat' dir='ltr'><strong>quorundam,</strong></span> <span class='ocrx_word' id='word_1_153' title='bbox 775 3139 813 3198; x_wconf 88' lang='lat' dir='ltr'><strong>ut</strong></span> <span class='ocrx_word' id='word_1_154' title='bbox 848 3132 957 3219; x_wconf 86' lang='lat' dir='ltr'><strong>phalli,</strong></span> <span class='ocrx_word' id='word_1_155' title='bbox 989 3136 1017 3198; x_wconf 89' lang='lat' dir='ltr'><strong>si</strong></span> <span class='ocrx_word' id='word_1_156' title='bbox 1050 3133 1163 3220; x_wconf 81' lang='lat' dir='ltr'><strong>placet,</strong></span> <span class='ocrx_word' id='word_1_157' title='bbox 1197 3134 1348 3219; x_wconf 81' lang='lat' dir='ltr'><strong>adspectu</strong></span> <span class='ocrx_word' id='word_1_158' title='bbox 1379 3155 1445 3200; x_wconf 87' lang='lat' dir='ltr'><strong>esse</strong></span> 
     </span>
     <span class='ocr_line' id='line_1_23' title="bbox 350 3251 1446 3338; baseline -0.003 -17"><span class='ocrx_word' id='word_1_159' title='bbox 350 3251 547 3321; x_wconf 67' lang='lat' dir='ltr'><strong>excitatum?</strong></span> <span class='ocrx_word' id='word_1_160' title='bbox 570 3253 628 3319; x_wconf 89' lang='lat' dir='ltr'><strong>Vel</strong></span> <span class='ocrx_word' id='word_1_161' title='bbox 649 3255 881 3319; x_wconf 86' lang='lat' dir='ltr'><strong>narrationibus</strong></span> <span class='ocrx_word' id='word_1_162' title='bbox 905 3258 1033 3318; x_wconf 90' lang='lat' dir='ltr'><strong>tantum</strong></span> <span class='ocrx_word' id='word_1_163' title='bbox 1058 3254 1249 3338; x_wconf 87' lang='lat' dir='ltr'><strong>quibusdam</strong></span> <span class='ocrx_word' id='word_1_164' title='bbox 1268 3256 1389 3319; x_wconf 87' lang='lat' dir='ltr'><strong>areanis</strong></span> <span class='ocrx_word' id='word_1_165' title='bbox 1407 3253 1446 3318; x_wconf 92' lang='lat' dir='ltr'><strong>de</strong></span> 
     </span>
     <span class='ocr_line' id='line_1_24' title="bbox 353 3371 1446 3462; baseline 0.001 -22"><span class='ocrx_word' id='word_1_166' title='bbox 353 3377 559 3462; x_wconf 78' lang='lat' dir='ltr'><strong>Aegyptiacis</strong></span> <span class='ocrx_word' id='word_1_167' title='bbox 582 3374 643 3439; x_wconf 92' lang='lat' dir='ltr'><strong>diis</strong></span> <span class='ocrx_word' id='word_1_168' title='bbox 665 3371 865 3459; x_wconf 79' lang='lat' dir='ltr'><strong>deabusque?</strong></span> <span class='ocrx_word' id='word_1_169' title='bbox 889 3375 934 3439; x_wconf 92' lang='lat' dir='ltr'><strong>Ut</strong></span> <span class='ocrx_word' id='word_1_170' title='bbox 956 3377 1095 3460; x_wconf 84' lang='lat' dir='ltr'><strong>ingenue</strong></span> <span class='ocrx_word' id='word_1_171' title='bbox 1119 3375 1196 3459; x_wconf 93' lang='lat' dir='ltr'><strong>quid</strong></span> <span class='ocrx_word' id='word_1_172' title='bbox 1218 3379 1354 3441; x_wconf 90' lang='lat' dir='ltr'><strong>sentiam</strong></span> <span class='ocrx_word' id='word_1_173' title='bbox 1377 3397 1446 3461; x_wconf 92' lang='lat' dir='ltr'><strong>pro-</strong></span> 
     </span>
     <span class='ocr_line' id='line_1_25' title="bbox 352 3495 1447 3584; baseline 0.003 -24"><span class='ocrx_word' id='word_1_174' title='bbox 352 3498 462 3574; x_wconf 85' lang='lat' dir='ltr'><strong>feram,</strong></span> <span class='ocrx_word' id='word_1_175' title='bbox 489 3498 545 3561; x_wconf 84' lang='lat' dir='ltr'><strong>vix</strong></span> <span class='ocrx_word' id='word_1_176' title='bbox 568 3517 603 3560; x_wconf 89' lang='lat' dir='ltr'><strong>ae</strong></span> <span class='ocrx_word' id='word_1_177' title='bbox 626 3517 664 3560; x_wconf 88' lang='lat' dir='ltr'><strong>ne</strong></span> <span class='ocrx_word' id='word_1_178' title='bbox 687 3498 742 3560; x_wconf 83' lang='lat' dir='ltr'><strong>vix</strong></span> <span class='ocrx_word' id='word_1_179' title='bbox 765 3495 895 3580; x_wconf 92' lang='lat' dir='ltr'><strong>quidem</strong></span> <span class='ocrx_word' id='word_1_180' title='bbox 919 3498 1038 3581; x_wconf 90' lang='lat' dir='ltr'><strong>opinor.</strong></span> <span class='ocrx_word' id='word_1_181' title='bbox 1063 3495 1186 3562; x_wconf 88' lang='lat' dir='ltr'><strong>Rursus</strong></span> <span class='ocrx_word' id='word_1_182' title='bbox 1209 3519 1294 3584; x_wconf 79' lang='lat' dir='ltr'><strong>erge,</strong></span> <span class='ocrx_word' id='word_1_183' title='bbox 1319 3499 1447 3584; x_wconf 92' lang='lat' dir='ltr'><strong>quibus-</strong></span> 
     </span>
     <span class='ocr_line' id='line_1_26' title="bbox 350 3617 1447 3703; baseline -0.001 -18"><span class='ocrx_word' id='word_1_184' title='bbox 350 3640 426 3685; x_wconf 93' lang='lat' dir='ltr'><strong>nam</strong></span> <span class='ocrx_word' id='word_1_185' title='bbox 449 3618 578 3683; x_wconf 90' lang='lat' dir='ltr'><strong>tandem</strong></span> <span class='ocrx_word' id='word_1_186' title='bbox 609 3618 843 3703; x_wconf 86' lang='lat' dir='ltr'><strong>operationibus</strong></span> <span class='ocrx_word' id='word_1_187' title='bbox 873 3617 1030 3702; x_wconf 89' lang='lat' dir='ltr'><strong>Apuleius</strong></span> <span class='ocrx_word' id='word_1_188' title='bbox 1052 3621 1087 3682; x_wconf 93' lang='lat' dir='ltr'><strong>in</strong></span> <span class='ocrx_word' id='word_1_189' title='bbox 1110 3624 1216 3684; x_wconf 88' lang='lat' dir='ltr'><strong>tantae</strong></span> <span class='ocrx_word' id='word_1_190' title='bbox 1240 3620 1447 3685; x_wconf 89' lang='lat' dir='ltr'><strong>beatitudinis</strong></span> 
     </span>
     <span class='ocr_line' id='line_1_27' title="bbox 352 3738 1448 3824; baseline 0.001 -19"><span class='ocrx_word' id='word_1_191' title='bbox 352 3746 473 3806; x_wconf 88' lang='lat' dir='ltr'><strong>statum</strong></span> <span class='ocrx_word' id='word_1_192' title='bbox 510 3744 640 3805; x_wconf 81' lang='lat' dir='ltr'><strong>evectus</strong></span> <span class='ocrx_word' id='word_1_193' title='bbox 675 3741 727 3816; x_wconf 87' lang='lat' dir='ltr'><strong>sit,</strong></span> <span class='ocrx_word' id='word_1_194' title='bbox 763 3759 819 3824; x_wconf 90' lang='lat' dir='ltr'><strong>pro</strong></span> <span class='ocrx_word' id='word_1_195' title='bbox 860 3738 947 3804; x_wconf 89' lang='lat' dir='ltr'><strong>virili</strong></span> <span class='ocrx_word' id='word_1_196' title='bbox 979 3745 1069 3824; x_wconf 86' lang='lat' dir='ltr'><strong>parte</strong></span> <span class='ocrx_word' id='word_1_197' title='bbox 1101 3742 1281 3806; x_wconf 82' lang='lat' dir='ltr'><strong>examinare</strong></span> <span class='ocrx_word' id='word_1_198' title='bbox 1313 3743 1448 3808; x_wconf 84' lang='lat' dir='ltr'><strong>conabor</strong></span> 
     </span>
     <span class='ocr_line' id='line_1_28' title="bbox 351 3861 636 3948; baseline -0.007 -20"><span class='ocrx_word' id='word_1_199' title='bbox 351 3868 446 3948; x_wconf 89' lang='lat' dir='ltr'><strong>atque</strong></span> <span class='ocrx_word' id='word_1_200' title='bbox 471 3861 636 3927; x_wconf 80' lang='lat' dir='ltr'><strong>delineare.</strong></span> 
     </span>
    </p>
   </div>
   <div class='ocr_carea' id='block_1_7' title="bbox 355 4017 525 4026">
    <p class='ocr_par' dir='ltr' id='par_1_8' title="bbox 355 4017 525 4026">
     <span class='ocr_line' id='line_1_29' title="bbox 355 4017 525 4026; baseline -0.006 -1"><span class='ocrx_word' id='word_1_201' title='bbox 355 4017 525 4026; x_wconf 43' lang='lat' dir='ltr'>——ss—</span> 
     </span>
    </p>
   </div>
   <div class='ocr_carea' id='block_1_8' title="bbox 351 4087 1450 4402">
    <p class='ocr_par' dir='ltr' id='par_1_9' title="bbox 351 4087 1450 4402">
     <span class='ocr_line' id='line_1_30' title="bbox 388 4087 1447 4157; baseline 0.002 -17"><span class='ocrx_word' id='word_1_202' title='bbox 388 4093 412 4154; x_wconf 87' lang='lat'><strong>1)</strong></span> <span class='ocrx_word' id='word_1_203' title='bbox 429 4091 466 4140; x_wconf 84' lang='lat' dir='ltr'><strong>Ol.</strong></span> <span class='ocrx_word' id='word_1_204' title='bbox 484 4108 511 4140; x_wconf 84' lang='lat' dir='ltr'><strong>ex</strong></span> <span class='ocrx_word' id='word_1_205' title='bbox 529 4091 589 4154; x_wconf 81' lang='lat' dir='ltr'><strong>Pap.</strong></span> <span class='ocrx_word' id='word_1_206' title='bbox 613 4089 653 4139; x_wconf 86' lang='lat' dir='ltr'><strong>Gr.</strong></span> <span class='ocrx_word' id='word_1_207' title='bbox 677 4089 742 4137; x_wconf 88' lang='lat' dir='ltr'><strong>Mus.</strong></span> <span class='ocrx_word' id='word_1_208' title='bbox 765 4089 822 4137; x_wconf 79' lang='lat' dir='ltr'><strong>Ant.</strong></span> <span class='ocrx_word' id='word_1_209' title='bbox 841 4088 902 4137; x_wconf 90' lang='lat' dir='ltr'><strong>Pub.</strong></span> <span class='ocrx_word' id='word_1_210' title='bbox 920 4087 997 4152; x_wconf 78' lang='lat' dir='ltr'><strong>Lugd.</strong></span> <span class='ocrx_word' id='word_1_211' title='bbox 1015 4088 1069 4138; x_wconf 78' lang='lat' dir='ltr'><strong>Bet.</strong></span> <span class='ocrx_word' id='word_1_212' title='bbox 1087 4089 1125 4138; x_wconf 86' lang='lat' dir='ltr'><strong>ad.</strong></span> <span class='ocrx_word' id='word_1_213' title='bbox 1141 4091 1257 4140; x_wconf 68' lang='lat' dir='ltr'><strong>Ireemans</strong></span> <span class='ocrx_word' id='word_1_214' title='bbox 1274 4097 1332 4142; x_wconf 91' lang='lat' dir='ltr'><strong>tom.</strong></span> <span class='ocrx_word' id='word_1_215' title='bbox 1349 4092 1369 4151; x_wconf 84' lang='grc' dir='ltr'><strong>Ι,</strong></span> <span class='ocrx_word' id='word_1_216' title='bbox 1388 4092 1447 4157; x_wconf 90' lang='lat' dir='ltr'><strong>Pap.</strong></span> 
     </span>
     <span class='ocr_line' id='line_1_31' title="bbox 352 4170 1450 4240; baseline 0.002 -18"><span class='ocrx_word' id='word_1_217' title='bbox 352 4174 384 4233; x_wconf 91' lang='lat' dir='ltr'><strong>U,</strong></span> <span class='ocrx_word' id='word_1_218' title='bbox 407 4190 431 4240; x_wconf 90' lang='lat' dir='ltr'><strong>p.</strong></span> <span class='ocrx_word' id='word_1_219' title='bbox 449 4175 498 4223; x_wconf 77' lang='lat'><strong>124</strong></span> <span class='ocrx_word' id='word_1_220' title='bbox 515 4174 562 4231; x_wconf 82' lang='lat' dir='ltr'><strong>ool,</strong></span> <span class='ocrx_word' id='word_1_221' title='bbox 579 4173 610 4220; x_wconf 65' lang='lat' dir='ltr'><strong>ba</strong></span> <span class='ocrx_word' id='word_1_222' title='bbox 629 4170 735 4230; x_wconf 80' lang='lat'>17-19,</span> <span class='ocrx_word' id='word_1_223' title='bbox 758 4171 799 4219; x_wconf 90' lang='lat' dir='ltr'><strong>ubi</strong></span> <span class='ocrx_word' id='word_1_224' title='bbox 822 4171 984 4236; x_wconf 79' lang='lat' dir='ltr'><strong>Aegyptiacus</strong></span> <span class='ocrx_word' id='word_1_225' title='bbox 1007 4171 1105 4235; x_wconf 80' lang='lat' dir='ltr'><strong>quidam</strong></span> <span class='ocrx_word' id='word_1_226' title='bbox 1129 4173 1187 4222; x_wconf 89' lang='lat' dir='ltr'><strong>deus</strong></span> <span class='ocrx_word' id='word_1_227' title='bbox 1210 4173 1261 4224; x_wconf 87' lang='lat' dir='ltr'><strong>Isin</strong></span> <span class='ocrx_word' id='word_1_228' title='bbox 1285 4176 1319 4224; x_wconf 85' lang='lat' dir='ltr'><strong>sio</strong></span> <span class='ocrx_word' id='word_1_229' title='bbox 1340 4176 1450 4240; x_wconf 80' lang='lat' dir='ltr'><strong>adloqui·</strong></span> 
     </span>
     <span class='ocr_line' id='line_1_32' title="bbox 351 4251 1447 4321; baseline 0.003 -16"><span class='ocrx_word' id='word_1_230' title='bbox 351 4262 406 4305; x_wconf 87' lang='lat' dir='ltr'><strong>tur:</strong></span> <span class='ocrx_word' id='word_1_231' title='bbox 431 4254 501 4304; x_wconf 75' lang='grc' dir='ltr'><strong>Ἐλθέ</strong></span> <span class='ocrx_word' id='word_1_232' title='bbox 524 4273 574 4315; x_wconf 78' lang='grc' dir='ltr'><strong>μοι,</strong></span> <span class='ocrx_word' id='word_1_233' title='bbox 600 4252 649 4310; x_wconf 72' lang='grc' dir='ltr'><strong>θέα,</strong></span> <span class='ocrx_word' id='word_1_234' title='bbox 672 4252 728 4301; x_wconf 75' lang='grc' dir='ltr'><strong><em>θεῶν</em></strong></span> <span class='ocrx_word' id='word_1_235' title='bbox 751 4251 840 4314; x_wconf 70' lang='grc' dir='ltr'><strong><em>κράτος</em></strong></span> <span class='ocrx_word' id='word_1_236' title='bbox 864 4251 962 4315; x_wconf 66' lang='grc' dir='ltr'><em>ἔχουσα</em></span> <span class='ocrx_word' id='word_1_237' title='bbox 984 4251 1114 4316; x_wconf 75' lang='grc' dir='ltr'><strong><em>μέγιστον,</em></strong></span> <span class='ocrx_word' id='word_1_238' title='bbox 1136 4255 1178 4304; x_wconf 75' lang='lat' dir='ltr'><strong>aad</strong></span> <span class='ocrx_word' id='word_1_239' title='bbox 1200 4260 1249 4305; x_wconf 69' lang='grc' dir='ltr'><strong>τῶν</strong></span> <span class='ocrx_word' id='word_1_240' title='bbox 1266 4254 1291 4306; x_wconf 80' lang='grc' dir='ltr'><strong>ἐν</strong></span> <span class='ocrx_word' id='word_1_241' title='bbox 1309 4263 1345 4321; x_wconf 75' lang='grc' dir='ltr'><strong>τῷ</strong></span> <span class='ocrx_word' id='word_1_242' title='bbox 1362 4261 1447 4321; x_wconf 73' lang='grc' dir='ltr'><strong><em>κόσμῳ</em></strong></span> 
     </span>
     <span class='ocr_line' id='line_1_33' title="bbox 353 4333 1087 4402; baseline -0.007 -15"><span class='ocrx_word' id='word_1_243' title='bbox 353 4337 478 4401; x_wconf 61' lang='grc' dir='ltr'><strong>ἄρχουσα,</strong></span> <span class='ocrx_word' id='word_1_244' title='bbox 495 4337 537 4386; x_wconf 78' lang='lat' dir='ltr'><strong>nal</strong></span> <span class='ocrx_word' id='word_1_245' title='bbox 554 4335 673 4402; x_wconf 76' lang='grc' dir='ltr'><strong><em>σώζουσα</em></strong></span> <span class='ocrx_word' id='word_1_246' title='bbox 693 4335 760 4393; x_wconf 74' lang='grc' dir='ltr'><strong><em>θεοὺς</em></strong></span> <span class='ocrx_word' id='word_1_247' title='bbox 776 4333 881 4393; x_wconf 73' lang='grc' dir='ltr'><strong>πάντας,</strong></span> <span class='ocrx_word' id='word_1_248' title='bbox 897 4335 956 4384; x_wconf 68' lang='lat' dir='ltr'><strong>&#39;Ira</strong></span> <span class='ocrx_word' id='word_1_249' title='bbox 1085 4342 1087 4348; x_wconf 82' lang='grc'>’</span> 
     </span>
    </p>
   </div>
   <div class='ocr_carea' id='block_1_9' title="bbox 386 4419 733 4486">
    <p class='ocr_par' dir='ltr' id='par_1_10' title="bbox 386 4419 733 4486">
     <span class='ocr_line' id='line_1_34' title="bbox 386 4419 733 4486; baseline -0.014 -15"><span class='ocrx_word' id='word_1_250' title='bbox 386 4422 411 4484; x_wconf 76' lang='lat'><strong>2)</strong></span> <span class='ocrx_word' id='word_1_251' title='bbox 429 4420 501 4486; x_wconf 75' lang='lat' dir='ltr'><strong>Apul.</strong></span> <span class='ocrx_word' id='word_1_252' title='bbox 518 4420 579 4470; x_wconf 88' lang='lat' dir='ltr'><strong>Mat.</strong></span> <span class='ocrx_word' id='word_1_253' title='bbox 596 4419 639 4478; x_wconf 85' lang='lat' dir='ltr'><strong>XI,</strong></span> <span class='ocrx_word' id='word_1_254' title='bbox 656 4420 733 4482; x_wconf 68' lang='lat' dir='ltr'><strong>disq.</strong></span> 
     </span>
    </p>
   </div>
   <div class='ocr_carea' id='block_1_10' title="bbox 0 0 1710 5368">
    <p class='ocr_par' dir='ltr' id='par_1_11' title="bbox 0 0 1710 5368">
     <span class='ocr_line' id='line_1_35' title="bbox 0 0 1710 5368; baseline 0 0"><span class='ocrx_word' id='word_1_255' title='bbox 0 0 1710 5368; x_wconf 95' lang='lat' dir='ltr'><strong> </strong></span> 
     </span>
    </p>
   </div>
  </div>
 </body>
</html>
