3346 5376
722 485 785 551 115

254 667 325 733 Non
358 672 466 732 temen
497 669 696 752 questionem
730 669 769 732 ed
799 671 923 734 exitum
954 672 999 734 sio
1030 691 1096 734 esse
1127 670 1296 735 adductam

209 813 285 856 reor.
308 789 447 854 Fraudes
470 791 556 854 enim
579 791 613 854 in
635 811 669 854 re
693 790 800 856 divine
823 791 939 876 ubique
963 791 1095 868 odorari,
1118 790 1194 857 lieet
1216 791 1297 856 freu-

210 912 300 977 dibus
344 911 531 997 quandoque
572 914 623 976 usi
658 914 723 976 sint
756 913 942 996 secerdotes,
977 915 1125 999 iniquum
1158 913 1297 978 videtur.

209 1033 329 1099 Verum
366 1053 468 1118 neque
502 1003 546 1096 du
575 1031 675 1096 Probi
705 1035 928 1111 coniecturam,
962 1039 999 1098 ut
1031 1031 1189 1100 Ciceronis
1227 1041 1300 1098 uter

210 1156 323 1233 verbio,
366 1157 522 1219 sustinere
559 1157 688 1239 possim,
724 1157 752 1219 si
785 1154 895 1232 velim,
931 1176 987 1220 neo
1022 1155 1132 1234 velim,
1168 1157 1195 1220 si
1230 1175 1300 1240 pos·

211 1281 281 1343 sim.
320 1275 449 1342 Seiiieet
483 1297 502 1340 e
536 1277 679 1342 sensibus
712 1275 856 1358 alienatis
887 1276 945 1342 ille
977 1297 1128 1342 reverens
1152 1279 1307 1342 eveniant¹

210 1398 374 1476 miraculo,
406 1397 536 1464 videant
566 1397 765 1484 psyohologi‚
790 1399 920 1464 videant
943 1398 1129 1486 physiologi
1136 1420 1144 1477 ;
1170 1398 1209 1463 ad
1232 1399 1302 1483 phi-

210 1521 332 1608 lologos
362 1518 440 1584 tolie
466 1540 529 1583 non
551 1521 720 1604 pertinent.
743 1518 805 1584 Sed
832 1522 939 1585 omnia
962 1519 1034 1585 luoe
1057 1520 1132 1585 fient
1157 1520 1300 1597 clariore,

210 1647 237 1709 si
268 1643 378 1707 looum
402 1663 441 1706 ex
464 1640 558 1705 Dion.
585 1627 748 1728 Ohnysost.
773 1640 858 1706 Orat.
883 1641 942 1720 XI,
965 1665 996 1727 p.
1022 1641 1086 1707 205
1110 1641 1169 1707 ud.
1194 1641 1300 1718 Dino,

210 1785 306 1850 quem
325 1761 398 1848 §17
418 1765 537 1848 purtim
557 1763 770 1841 exhibuimus,
792 1769 896 1828 totum
918 1785 1001 1828 nuno
1024 1765 1300 1849 exscripserimus:

210 1887 261 1951 Ἐν
288 1885 350 1964 roto
372 1893 434 1956 τοῖς
456 1881 545 1964 Ὥρῳ
568 1886 796 1963 γεγραμμένοις
822 1886 967 1966 θνεθρασιν
988 1887 1013 1950 οἱ
1036 1885 1180 1963 θινθοωποι
1202 1885 1303 1949 ποιαθ-

209 2032 268 2080 τας
294 2003 379 2088 θψεις
404 2007 499 2085 θρῶσι,
522 2011 572 2069 νῦν
595 2007 651 2084 μὲν
674 2006 825 2079 δοκοῦντες
851 2009 1048 2082 ἀποθνήσκειν
1069 2009 1120 2073 καὶ
1141 2008 1304 2072 σκυλεύεσ-

211 2132 270 2208 θαι,
303 2125 399 2194 vatio
430 2129 464 2193 δὲ
484 2128 667 2193 οὶνθστασθαι
693 2131 743 2194 καὶ
769 2127 932 2210 μα’χεσθαι
956 2130 1066 2208 γυμνοὶ
1090 2127 1184 2208 θνπες,
1211 2125 1304 2194 ε’νθοπε

196 2251 243 2344 δὲ
278 2249 404 2327 οθθμενοι
440 2249 552 2314 διώκειν
588 2249 638 2314 καὶ
674 2259 738 2322 τοῖς
770 2251 843 2322 θεοῖς
875 2250 1075 2326 διαλέγεσθαι
1108 2251 1158 2314 καὶ
1194 2251 1303 2324 αὐτοὺς

210 2346 428 2454 ἀποσφάττειν
461 2373 513 2437 καὶ
546 2345 670 2448 μνδενδς
701 2373 794 2438 δεινοῦ
829 2372 910 2444 θντος
941 2373 992 2436 καὶ
1026 2370 1132 2452 οὕτως
1163 2375 1187 2438 ιθ
1212 2373 1304 2454 τύχοι

211 2494 298 2574 ποτέ,
332 2494 476 2560 πέτεσθαι
509 2494 560 2558 καὶ
592 2492 729 2573 βαδθζειν
761 2494 810 2558 ε’πὶ
835 2501 889 2566 τῆς
914 2493 1084 2568 θαλάττης.
1119 2494 1249 2560 Etenim
1272 2499 1306 2560 iu

212 2639 323 2684 somno
336 2615 404 2706 ‚illo
422 2616 612 2695 „eustatieo”
637 2638 711 2682 oum
736 2621 803 2682 tem
826 2617 985 2682 mirabilis
1007 2617 1148 2684 viderint
1169 2625 1306 2705 mystae,

213 2741 326 2828 quidni
349 2745 381 2804 et
403 2761 459 2824 per
481 2744 552 2804 etro
566 2737 601 2821 ¹),
624 2761 680 2825 per
704 2761 829 2826 equom,
854 2743 1048 2827 perignem,
1070 2740 1215 2826 denique,
1237 2740 1306 2806 solo

214 2863 403 2938 dehiscente,
440 2865 472 2924 et
507 2881 563 2944 per
596 2865 714 2924 terrem
749 2883 780 2926 se
815 2860 897 2926 latos
928 2882 994 2926 esse
1027 2857 1240 2926 crediderint?
1274 2861 1309 2926 Si

215 2985 343 3071 quidem
366 2983 522 3048 eiusmodi
545 2985 615 3048 vise
637 3004 699 3047 non
723 2984 906 3048 oeensibus
930 2989 1057 3048 tentum
1078 2982 1232 3060 alienatis,
1254 2983 1308 3048 sed

214 3105 298 3172 nulli
320 3127 382 3170 non
406 3126 472 3171 sese
496 3105 631 3170 offerunt
654 3107 836 3172 somnianti.

217 3259 387 3270 -α,

251 3336 274 3397 1)
291 3334 328 3384 of.
346 3335 378 3382 n.
395 3333 512 3392 unone,
529 3333 606 3382 wire.
625 3333 648 3382 e.
666 3319 768 3392 otiosa,
784 3349 807 3397 p.
826 3333 875 3381 eos
894 3349 928 3396 sq.
971 3315 973 3320 “
