3346 5376
736 1342 998 1409 EPIMETRUM
1020 1342 1045 1407 I.

679 1524 723 1590 ad
746 1529 768 1614 g
791 1526 812 1590 8
834 1544 868 1608 p.
890 1523 932 1590 24
954 1523 1033 1591 adn.
1056 1522 1100 1612 1).

388 1705 435 1772 De
458 1709 634 1773 minoribus
657 1710 820 1795 mysteriis
845 1708 1072 1794 dignissimum
1095 1711 1153 1782 est,
1181 1704 1264 1790 quod
1287 1703 1439 1789 expendo

342 1848 433 1906 mus,
465 1827 639 1916 Hippolyti
668 1832 890 1894 testimonium
919 1832 954 1894 in
985 1831 1095 1913 quinto
1126 1827 1197 1892 adv.
1229 1826 1325 1892 Haer.
1357 1825 1439 1890 libro

341 1972 372 2035 p.
400 1949 479 2015 164:
506 1952 613 2032 Μικρόι
637 1951 678 2029 δέ,
705 1988 745 2000 -
772 1950 836 2016 ἐστὶ
862 1952 904 2016 σόν
928 1951 1080 2030 μνστόρρσι
1105 1950 1146 2014 rot
1166 1955 1220 2022 τῆς
1245 1947 1438 2028 Περσεφόνης

341 2194 430 2270 otone
461 2196 615 2266 σλσιτεόσις
646 2196 698 2259 καὶ
729 2194 896 2275 εὐρυχόρου
919 2193 970 2259 καὶ
995 2193 1143 2275 Φεροόσνς
1166 2192 1235 2264 σοὺς
1260 2189 1438 2266 ἀπολλυμέ-

342 2341 406 2388 νσνς
432 2316 481 2380 ἐπὶ
506 2317 560 2390 σὺν
583 2315 776 2397 Περσεφόνην
800 2353 842 2364 -
867 2317 880 2381 ό
904 2317 1028 2389 ποιότης
1053 2315 1084 2380 δέ
1107 2321 1218 2396 Φνσνν·

479 2468 586 2548 Αὐτὰρ
611 2468 662 2533 ὑπ’
687 2469 783 2544 αὐτόν
808 2470 889 2534 ἔστιν
913 2469 1082 2548 ἀταρπιτὸς
1106 2465 1262 2545 ὀκριόεσσα

479 2591 574 2668 κοίλη,
599 2589 756 2665 annotet·
781 2593 797 2666 ἡ
824 2589 851 2654 δ’
876 2591 1052 2667 ἡγήσασθαι
1076 2590 1183 2670 όρόσση

472 2707 572 2782 ’όλσσς
598 2711 626 2782 ἐς
652 2711 768 2791 ἱμερόεν
792 2711 1002 2788 πολυτιμήτου
1025 2710 1219 2791 Ἀφροδίτης.

344 2861 428 2941 Quos
459 2883 571 2926 versus
593 2863 631 2926 A.
655 2862 812 2927 anmm
836 2862 1019 2928 Parmenidi
1043 2861 1192 2927 adscribit
1215 2861 1315 2940 (Dian.
1339 2863 1438 2946 antiq.

342 2983 508 3069 Marburg.
544 3005 571 3048 a.
608 2983 694 3049 1852
724 2984 777 3061 IV,
808 3007 838 3070 p.
872 2983 936 3051 375
967 2991 1036 3070 ες),
1074 2984 1219 3069 Pampho
1254 2982 1442 3048 Atheniensi

343 3102 507 3171 Gornnmo
532 3104 640 3191 (Prog.
662 3106 747 3170 aoad.
772 3105 836 3171 Ien.
857 3125 885 3170 a.
908 3104 996 3170 1853
1014 3128 1045 3190 p.
1061 3105 1094 3185 5)
1111 3105 1144 3184 ¹),
1169 3102 1249 3170 Gna.
1270 3102 1440 3167 Parnason

343 3248 380 3290 ex
409 3227 532 3312 hymno
564 3226 681 3312 aliquo,
713 3229 768 3314 qui
798 3227 939 3292 Homero
970 3226 1206 3292 adscribebatur
1228 3229 1261 3290 in
1285 3223 1440 3288 Venerem

343 3347 527 3433 desumptos
550 3351 729 3433 suspicatur
742 3348 778 3428 1).
803 3348 927 3433 Quique
950 3349 1036 3413 idem
1060 3348 1098 3413 de
1117 3347 1245 3413 Veneris
1265 3357 1296 3413 at
1315 3348 1441 3413 Proser·

345 3473 435 3555 pinae
466 3470 618 3536 affinitate
641 3508 682 3560 ¹-
707 3492 782 3536 nam
813 3471 1020 3556 Proserpinae
1044 3473 1150 3555 potins
1173 3468 1220 3534 l.l.
1244 3472 1440 3536 mentionem

343 3591 412 3656 fieri
434 3598 595 3676 exspectes
620 3628 661 3640 —
684 3613 741 3656 nos
764 3591 893 3677 ablegat
913 3591 950 3655 ad
972 3588 1201 3656 Gerhardtium
1220 3591 1440 3672 (Auserleaene

347 3711 547 3777 Vasenbilder
578 3712 602 3790 1,
634 3735 664 3797 p.
697 3712 740 3776 46
770 3719 801 3776 et
828 3711 1026 3776 Welkerium
1051 3711 1195 3799 (Sylloge
1219 3713 1440 3800 Epigramma-

343 3839 425 3910 tum,
450 3833 577 3898 Bonnae
605 3832 690 3898 1828
711 3857 740 3898 n.
766 3833 831 3899 203
855 3856 886 3918 p.
913 3833 994 3914 254)
1009 3833 1044 3914 ³).
1070 3833 1118 3901 Of.
1144 3841 1174 3899 et
1198 3835 1350 3901 Roaonna
1371 3839 1438 3901 iv.

299 3974 301 3980 ·
344 3954 530 4038 Aphrodite,
566 3955 641 4020 Lex.
678 3955 791 4020 Rosoh.
827 3962 904 4019 tom.
937 3955 953 4020 Ι
986 3978 1016 4041 p.
1050 3955 1116 4020 402
1141 3978 1197 4041 sq„
1229 3979 1259 4042 p.
1293 3956 1368 4035 394,
1400 3957 1439 4022 de

343 4073 461 4139 Venere
491 4075 592 4140 infera
623 4082 655 4140 et
679 4076 722 4141 Η.
747 4095 778 4141 v.
803 4077 921 4153 Paorr,
946 4076 1007 4140 Ein
1030 4078 1103 4158 ἱερὸς
1129 4079 1215 4158 νόμος
1240 4079 1295 4144 der
1318 4078 1440 4144 Eleusi-

377 4333 401 4392 1)
420 4332 493 4396 Hipp.
512 4333 574 4381 adv.
592 4333 664 4381 Haer.
682 4349 705 4396 p.
725 4334 771 4381 155
789 4333 844 4382 adn.
862 4334 893 4381 ad
911 4349 935 4397 p.
953 4333 1009 4391 104,
1028 4335 1092 4382 80-
1111 4336 1150 4385 82.

379 4416 402 4475 2)
420 4415 493 4478 Hipp.
512 4416 572 4464 adv.
592 4415 664 4464 Haen.
683 4416 744 4464 Add.
762 4421 786 4464 ot
803 4415 870 4463 Corn.
888 4416 918 4464 ad
937 4432 959 4480 p.
978 4417 1033 4474 164,
1052 4417 1090 4474 80,
1109 4435 1132 4482 p.
1152 4417 1208 4468 573.

375 4498 399 4558 3)
418 4497 491 4562 Hipp.
508 4498 569 4545 adv.
587 4497 659 4546 Haer.
677 4499 712 4546 l.l.
