3346 5376
687 526 750 592 123

175 709 261 775 teat
290 710 342 774 κον)
367 711 485 788 οὶτοεμῆ
511 709 562 774 aei
588 709 753 786 εὖδοιίμονοο
777 708 939 791 Φοὶσμοιτοι
964 706 1129 785 μνούμενοί
1152 729 1188 770 τε
1212 705 1264 770 καὶ

175 831 402 911 ἐποπτεύοντες,
426 852 544 918 magno
566 833 691 918 ingenii
713 834 859 897 acumine
883 828 963 897 Oua.
989 829 1189 894 unnonnnnn
1211 827 1265 894 Sa.

174 955 275 1032 efficit,
307 953 507 1019 Eleusiniaoa
534 953 708 1036 Φάσμοοτοο,
733 973 813 1038 quae
835 952 880 1017 l.l.
904 951 1092 1017 coelestibus
1114 950 1265 1030 Φοὶσμοοσο

174 1081 383 1173 opponuntur,
414 1097 471 1140 nee
501 1078 608 1142 omnia
639 1077 726 1140 omni
757 1096 796 1140 ex
818 1080 908 1160 parte
931 1074 1029 1138 fuisse
1052 1070 1198 1138 absoluta
1221 1107 1264 1122 -

174 1199 247 1264 dens
275 1197 323 1263 les
354 1200 521 1284 mysttres,
553 1219 593 1262 on
625 1217 664 1262 ne
687 1199 842 1262 montrait
864 1201 999 1261 souvent
1022 1195 1140 1281 qu’une
1164 1196 1265 1280 partie

175 1321 224 1385 des
248 1319 377 1416 figures,
401 1341 443 1384 ou
467 1320 538 1385 bien
560 1318 586 1383 il
608 1341 632 1405 y
654 1340 693 1384 en
717 1321 803 1384 avait
827 1318 864 1384 de
887 1317 1037 1383 mutilees
1056 1339 1098 1384 ou
1118 1317 1267 1381 d'inoom-

173 1441 272 1527 pletas
303 1423 427 1506 ooinme
458 1439 504 1504 les
535 1439 681 1518 Hermes,
707 1477 749 1488 -
773 1461 830 1504 neo
854 1437 1014 1526 simplicia
1038 1477 1079 1488 —
1103 1438 1150 1504 les
1173 1459 1267 1524 appa-

174 1566 289 1629 ratione
318 1561 548 1628 eleusiniennes
573 1562 720 1627 devaient
743 1561 808 1626 etro
831 1561 1028 1648 quelquefois
1051 1561 1273 1648 eompliquees,

174 1691 204 1750 et
233 1683 440 1770 surohargees
470 1683 655 1748 d’attributs
683 1683 1013 1768 inoomprthensibles,
1046 1721 1089 1732 -
1122 1703 1178 1748 neo
1207 1686 1267 1748 im·

174 1812 258 1871 mota
295 1844 334 1855 -
371 1807 390 1870 i
423 1789 564 1883 Eleusis,
600 1827 651 1871 oes
686 1809 885 1892 apparatione
919 1827 957 1871 en
992 1809 1200 1872 mouvement
1234 1825 1267 1870 se

175 1926 370 1992 suceedaient
391 1925 437 1992 les
459 1948 538 1992 unes
561 1949 624 1991 aux
642 1933 758 2003 autres,
777 1928 821 1991 ib.
841 1949 872 2013 p.
895 1925 970 1994 373.
994 1927 1171 1992 Simulaora
1191 1947 1267 2013 ergo

175 2055 259 2114 erant
281 2070 321 2113 ex
339 2047 429 2134 ligno
448 2049 589 2114 confecta
611 2048 678 2128 (des
702 2052 925 2135 mannaquins)
947 2071 1027 2136 quae
1040 2050 1268 2116 variismaehi-

175 2172 219 2236 nis
238 2168 406 2235 artificiose
425 2174 632 2235 moverentur
650 2191 680 2254 p.
700 2169 766 2236 420
779 2191 845 2256 sqq.
873 2171 919 2237 Ao
936 2171 1126 2256 quibusdem
1137 2173 1171 2236 in
1183 2173 1268 2238 vasis

175 2297 203 2356 et
236 2292 384 2377 operibus
417 2290 547 2357 caelatis
581 2290 745 2370 Φοὶσμοοτοο
783 2291 984 2356 Eleusiniaoa
1019 2313 1086 2357 esse
1123 2293 1265 2378 depicta,

174 2419 297 2478 tautum
327 2435 390 2478 non
419 2435 477 2498 pro
508 2420 593 2478 oerto
625 2417 749 2493 statuit,
773 2437 804 2500 p.
830 2413 895 2480 343
919 2437 985 2501 sqq.
1018 2411 1267 2496 (1111111111-

175 2555 263 2598 mum
286 2535 345 2599 hoo
369 2536 493 2612 attinet,
518 2540 612 2613 reete,
636 2537 664 2600 ei
686 2535 763 2620 quid
784 2535 940 2613 videmus,
960 2541 1067 2601 eontra
1087 2537 1269 2602 observavit

174 2655 208 2721 u.
243 2656 402 2736 Peninus,
439 2655 478 2719 ed
512 2675 626 2720 verum
660 2659 805 2742 proxime
840 2678 903 2722 non
937 2657 1096 2735 oooedere,
1132 2655 1267 2724 Graeoos

174 2797 313 2864 unquam
337 2779 481 2842 animum
504 2777 677 2854 induxisse,
704 2786 742 2842 ut
769 2799 928 2844 sacrorum
957 2781 1135 2858 sacerrima,
1162 2777 1268 2864 qualia

174 2905 253 2966 oerte
284 2889 400 2980 οἳρῥντοο
430 2897 488 2962 illa
518 2900 585 2963 sive
614 2894 694 2975 atym
720 2900 884 2976 Φοὶσμοοτοο
908 2905 1007 2975 erant,
1032 2898 1084 2963 vel
1107 2900 1191 2964 vasis
1215 2897 1268 2963 vel

175 3023 325 3087 marmori
353 3018 579 3104 insculperent,
611 3017 695 3083 Diot.
726 3019 755 3086 d.
780 3020 855 3086 Ant.
880 3017 936 3087 Gr.
962 3026 994 3085 et
1018 3019 1109 3085 Rom.
1133 3026 1211 3084 tom.
1236 3017 1268 3084 II

174 3145 194 3207 i.
216 3164 247 3209 v.
272 3140 447 3219 Eleusinia,
473 3163 503 3226 p.
530 3138 594 3206 576
618 3141 688 3206 adn.
716 3138 803 3220 721).
835 3142 945 3227 Neque
968 3145 1112 3228 ipsorum
1134 3141 1268 3207 voeabu-

175 3263 277 3330 lorum
310 3261 472 3344 „minuo”
504 3267 536 3326 et
561 3261 782 3342 ,,Φοίντοοσμοο”
807 3265 856 3327 vis
880 3284 915 3328 ae
940 3263 1129 3350 significatio
1152 3262 1268 3328 Lonor-

176 3387 288 3451 mantii
311 3386 508 3450 coniecturae
530 3403 721 3470 magnopere
743 3384 860 3448 favent.
886 3383 1004 3460 Φοὶσμοο
1029 3387 1115 3449 enim
1139 3383 1173 3454 τὸ
1196 3390 1269 3463 Φοοο-
1302 3399 1305 3403 ’

176 3507 294 3586 νόμενον
322 3504 419 3582 valet,
451 3509 580 3570 externa
611 3509 740 3591 speeies,
772 3505 873 3590 deque
906 3508 1021 3572 statuis
1044 3525 1129 3592 ergo,
1153 3505 1267 3583 idest,

176 3631 266 3695 rebus
296 3649 314 3693 e
344 3647 447 3692 orasse
476 3629 609 3692 materie
640 3628 799 3705 confectis,
831 3649 888 3692 neo
918 3629 980 3692 nisi
1011 3629 1184 3692 immutato
1207 3647 1269 3692 ser-

176 3771 276 3829 mone,
299 3749 395 3835 idque
418 3769 555 3834 perraro,
578 3754 761 3834 usurpetur,
785 3755 823 3813 ut
841 3749 903 3814 Dio
922 3747 1084 3834 Ohrysost.
1106 3747 1191 3813 Orat.
1206 3747 1269 3813 XII

176 3893 204 3956 p.
229 3871 293 3938 401
318 3871 377 3936 ud.
401 3869 528 3935 Reisk.:
561 3871 599 3936 σὺ
623 3870 654 3934 te
677 3878 732 3949 (se.
757 3870 902 3950 Phidias)
925 3872 1016 3950 ἰσχύϊ
1037 3871 1150 3950 τέχνης
1174 3870 1268 3944 ἐνίκη-

177 4015 241 4078 σσς,
268 3992 320 4057 κον)
341 3991 505 4069 συνέλεξας
529 3993 583 4065 τὴν
609 3992 752 4056 Ἑλλάδα
776 3997 900 4078 πρῶτον,
926 3991 1035 4057 ἔπεοτοο
1059 3993 1128 4065 τοὺς
1153 3992 1267 4065 ἄλλους

176 4114 248 4196 τῷδε
271 4115 312 4194 τῷ
337 4113 487 4193 Φοὶσμοιτο
511 4115 546 4192 (i.
571 4134 597 4178 e.
622 4116 714 4199 signo
737 4113 846 4194 Iovis),
872 4113 1027 4178 tanatem
1050 4113 1101 4179 aot
1126 4114 1270 4193 λαμπρὸν

177 4233 351 4313 ἀποδείξας,
376 4235 415 4300 cf.
440 4240 472 4299 et
495 4233 561 4298 Ael.
588 4235 649 4321 frg.
676 4234 741 4299 120
764 4257 795 4321 p.
821 4234 886 4300 443
909 4235 968 4300 ud.
992 4234 1144 4300 Hereher.
1169 4235 1270 4317 (loeus

178 4359 252 4421 satis
276 4361 435 4437 vexatus).
468 4355 660 4441 Quandoque
684 4359 840 4442 apparitio
863 4359 897 4421 in
920 4355 1015 4422 eoelie
1038 4357 1157 4438 Φοὶσμοο
1180 4379 1270 4424 vooa

180 4483 240 4558 tur,
260 4483 298 4544 ut
316 4481 449 4544 Aristot.
468 4477 632 4565 Metereol.
653 4477 678 4556 I,
695 4478 730 4543 l:
752 4485 890 4555 κομητῶν
909 4478 961 4544 uui
975 4484 1033 4542 τῶν
1046 4479 1268 4560 ἐκπυρονμένων
