3404 5368
894 454 936 523 70

369 639 493 722 efficias,
526 639 750 722 ἐνθουσιασμὸν,
783 638 885 725 qualis
916 639 1045 703 vatibus
1075 640 1223 723 proprius
1252 638 1359 714 fuerit,
1384 646 1458 706 eta

368 763 484 848 mystis
514 763 643 826 omnino
675 761 818 826 alienum
847 781 909 826 non
940 761 1048 836 fuisse,
1081 781 1138 824 nec
1166 761 1233 824 iam
1264 762 1400 838 mireris,
1426 764 1460 825 in

304 943 308 952 .
368 882 451 948 Plat.
476 883 609 949 Phaedr.
633 905 664 968 p.
689 882 771 948 2480
797 885 888 947 iuxta
909 883 1067 946 nominari
1090 900 1125 946 ac
1145 884 1236 966 quasi
1256 903 1319 948 nno
1339 883 1462 950 eodem-

369 1026 430 1090 que
461 1004 568 1070 ordine
599 1005 709 1070 haberi
740 1003 791 1068 τὸν
822 1004 968 1082 ιιιιντικὸν
991 1002 1058 1080 βίον
1082 1003 1133 1067 ael
1157 1003 1208 1067 τὸν
1231 1007 1408 1071 venerasse
1423 1005 1459 1087 ¹).

368 1123 463 1202 Adde,
500 1125 583 1210 quod
617 1128 774 1212 mysteria
809 1146 845 1190 ac
880 1123 1006 1191 oracula
1037 1127 1225 1190 commercio
1258 1127 1396 1211 quodem
1427 1135 1459 1193 et

368 1268 429 1312 usu
462 1249 546 1312 inter
575 1269 607 1313 se
638 1254 727 1313 erant
750 1250 917 1313 coniuncta
930 1246 967 1332 Β),
991 1247 1138 1332 quodque
1161 1246 1246 1310 haud
1270 1246 1333 1312 alia
1355 1250 1390 1312 in
1414 1247 1459 1312 di-

367 1371 539 1447 vinatione,
571 1391 667 1455 quam
691 1372 725 1433 in
747 1372 927 1435 initiatione
950 1367 1141 1433 observanda
1164 1371 1302 1450 erant⁸).
1337 1369 1457 1436 Verum

366 1491 443 1556 haec
476 1494 510 1555 in
543 1494 696 1576 transitu3
731 1491 770 1556 ad
804 1492 1004 1577 propositum
1039 1489 1216 1556 redeamus.
1259 1489 1456 1579 Corybantes

365 1619 474 1678 autem
507 1633 571 1677 non
605 1611 710 1677 solum
742 1613 918 1676 immittere
953 1611 1106 1693 furorem,
1144 1611 1198 1676 sed
1233 1617 1265 1676 at
1299 1612 1456 1699 depellere

366 1735 589 1812 credebantur,
621 1733 779 1820 multique
809 1735 888 1798 hanc
918 1735 1105 1819 praesertim
1132 1734 1172 1798 ob
1194 1725 1324 1800 causam
1347 1735 1455 1802 teletis

366 1878 476 1923 eorum
509 1857 728 1934 initiabantur,
764 1857 802 1922 cf.
839 1856 978 1942 Hesych.
1014 1858 1035 1922 i.
1060 1878 1092 1922 v.
1128 1856 1382 1936 κσρνβιιντισμός,
1415 1860 1455 1926 cf.

366 1985 398 2044 et
428 1979 588 2064 Aristoph.
623 1977 715 2065 Vesp.
753 1978 827 2062 119,
863 1980 920 2044 ubi
955 1977 1124 2064 Bdelycleo
1155 1985 1281 2064 patrem
1310 1981 1455 2047 iudiciali

365 2099 470 2165 furore
500 2104 679 2184 correptum
711 2099 761 2164 s’rrl
787 2099 931 2180 κιιθιιρμῷ
954 2106 1009 2172 τῆς
1033 2097 1147 2170 aesica
1171 2099 1210 2164 ad
1233 2098 1455 2189 Corybantum

365 2221 510 2306 perducit
544 2221 681 2287 cultores
694 2224 730 2307 ⁴).
766 2222 793 2286 E
828 2221 971 2286 Platonis
1001 2221 1143 2308 Euthyd.
1176 2244 1206 2307 p.
1239 2221 1328 2290 277d
1357 2231 1455 2310 patet,

366 2343 540 2409 sacerdotes
571 2351 757 2430 mystasque
789 2346 909 2408 circum
939 2342 1132 2408 initiandum
1163 2343 1241 2410 solio
1267 2347 1456 2430 impositum

367 2485 466 2550 gyros
501 2466 628 2532 duxisse
657 2465 810 2532 saltando.
850 2471 888 2531 '0
922 2465 952 2530 δὲ
983 2489 1021 2542 γε
1047 2464 1173 2542 κύκνοι,
1198 2473 1235 2530 ut
1258 2466 1383 2532 Psellus
1413 2469 1457 2534 af-

367 2585 483 2664 firmat,
508 2586 655 2667 Quaado
679 2587 779 2653 daem.
805 2593 883 2652 sent.
911 2585 966 2653 Gr.
991 2609 1021 2672 p.
1046 2585 1099 2664 42,
1121 2596 1260 2668 κατοχῆς
1281 2586 1348 2670 ἔχει
1369 2589 1456 2655 irisa-

367 2730 430 2783 μιν.
466 2706 622 2795 Olsngore
650 2714 759 2773 autem
787 2729 822 2774 ac
845 2711 981 2793 strepitu
1005 2708 1145 2773 furorem
1168 2712 1259 2794 quasi
1284 2711 1457 2779 obtundere

366 2829 561 2894 conabantur
579 2835 782 2915 mentemque
799 2831 844 2895 sic
855 2850 1001 2896 revocare
1013 2829 1232 2920 abalienatam.
1252 2832 1317 2898 Nec
1329 2832 1458 2919 illepide

324 2997 327 3001 -
366 2956 469 3036 rgllur
489 2950 591 3035 Plato,
612 2951 690 3039 Leg.
713 2952 780 3031 VH,
800 2975 832 3038 p.
855 2949 943 3031 790d
961 2952 1019 3025 adca
1039 2953 1105 3034 περὶ
1125 2956 1167 3019 ssi
1188 2956 1245 3019 τῶν
1257 2954 1455 3035 Κορυβάντων

365 3104 534 3116 ι*-

400 3194 477 3256 1)01.
495 3200 520 3244 et
535 3195 599 3244 Plnt.
618 3195 667 3244 Sol.
686 3195 730 3245 12:
749 3191 825 3244 ἐδόκει
843 3197 885 3257 (sc.
904 3194 1067 3260 Epimenides)
1085 3193 1112 3244 δέ
1131 3213 1170 3254 τις
1186 3192 1248 3245 εἶναι
1267 3195 1377 3260 θεοφιλὴς
1395 3196 1453 3260 ἀνὴρ

366 3274 408 3324 nai
434 3276 509 3337 σοφὸς
534 3275 580 3330 τὴν
605 3274 805 3332 ἐνθουσιαστικὴν
831 3274 874 3324 καὶ
897 3276 1046 3334 τελεστικὴν
1072 3277 1170 3340 σοφίαν,
1195 3279 1225 3327 cf.
1244 3278 1311 3329 Max.
1329 3279 1384 3344 Tyr.
1402 3279 1454 3330 Dis.

365 3357 501 3416 XXXVIII,
521 3360 542 3414 b,
559 3358 637 3407 Procl.
656 3359 685 3406 In
703 3358 768 3408 Crat.
786 3375 809 3423 p.
830 3359 886 3408 lot.

294 3495 296 3498 ¹
400 3441 427 3504 2)
452 3440 565 3504 Delphici
587 3440 679 3488 oraculi
703 3456 764 3505 quae
786 3442 877 3490 fuerint
897 3447 977 3505 partes
999 3441 1024 3490 in
1047 3442 1163 3506 religione
1180 3441 1341 3503 Eleusiniaca,
1358 3443 1456 3508 exponit

366 3525 395 3573 A.
419 3523 569 3582 Dmrualcn,
593 3523 684 3588 Nelrya,
706 3541 730 3589 p.
754 3525 798 3583 653
819 3525 849 3574 da
866 3524 1009 3574 cabirorum
1026 3525 1130 3574 oraculis
1147 3526 1176 3574 cf.
1193 3526 1348 3584 Athanasius,
1366 3526 1402 3574 De
1420 3527 1455 3576 in·

366 3623 431 3656 carn.
445 3605 486 3666 47,
499 3613 555 3655 tom.
572 3606 586 3654 I
603 3623 626 3671 p.
642 3607 673 3655 88
688 3607 724 3656 ed.
742 3607 830 3666 Maur.;
843 3607 872 3656 da
887 3606 1015 3656 Hecataeis
1029 3608 1141 3667 oraculis,
1156 3608 1186 3658 ci.
1196 3606 1454 3670 Bouana-Laeanitae,

366 3688 430 3737 Hist.
454 3689 483 3736 da
505 3688 530 3737 la
548 3689 724 3748 div.,tom11,
743 3706 768 3754 p.
788 3690 834 3739 129
853 3705 887 3754 sq.
914 3690 944 3738 In
960 3690 1041 3739 Liberi
1058 3691 1134 3756 patris
1151 3691 1272 3755 mysteriis
1289 3691 1370 3750 „viros
1387 3691 1454 3741 velut

365 3778 445 3820 mente
466 3777 550 3835 captes
570 3787 625 3820 cnm
648 3771 779 3821 iactatione
803 3773 911 3822 fanatica
932 3773 1038 3837 corporis
1061 3773 1206 3822 vaticinari''
1229 3780 1313 3822 narrat
1334 3773 1382 3822 rit.
1399 3773 1452 3822 Lis.

364 3854 472 3908 XXXIX,
492 3853 529 3902 la.

398 3937 421 3997 3)
444 3935 481 3985 cf.
504 3935 544 3985 Ps.
565 3935 653 3986 Iambl.
678 3936 714 3984 De
735 3941 806 4002 myst.
829 3937 877 3998 ΙΙΙ,
901 3937 930 3986 11
949 3941 981 4002 (p.
1001 3937 1047 3989 tat
1065 3939 1102 3988 sd.
1121 3939 1214 3998 Parth.)
1232 3955 1286 3988 curn
1303 3939 1333 3988 iis
1351 3955 1411 4004 quae
1427 3939 1454 3990 in

364 4019 467 4068 secunda
489 4018 588 4068 huiusce
610 4019 757 4084 paragraphi
781 4025 849 4084 parts
866 4021 1028 4085 exposuimus.
1045 4021 1121 4080 Adde,
1139 4022 1202 4086 quod
1220 4028 1244 4071 et
1261 4038 1288 4071 ex
1305 4023 1391 4072 subtili
1407 4023 1453 4072 hac

364 4101 423 4150 artis
440 4102 547 4165 magicae
564 4101 702 4151 defensione
719 4107 743 4150 et
760 4118 787 4151 ex
806 4102 864 4166 ipsis
881 4103 979 4167 papyris
991 4103 1091 4166 magicis
1106 4104 1228 4164 discimus,
1241 4105 1378 4169 theurgicas
1392 4105 1453 4154 tale-

363 4188 401 4232 tas
419 4184 513 4248 seepius
531 4184 688 4234 divinationis
705 4200 777 4234 cansa
795 4201 845 4234 esse
862 4191 979 4250 peractas.
997 4185 1034 4235 Of.
1052 4186 1105 4236 Lib.
1121 4187 1193 4237 Meis.
1214 4203 1293 4252 apocr.
1308 4203 1332 4253 p.
1348 4187 1394 4237 185
1410 4203 1453 4252 sq..

365 4265 420 4323 lea,
447 4265 552 4325 lb-l'i,
574 4267 633 4330 Pap.
656 4266 740 4316 Parth.
765 4266 786 4327 I,
809 4267 865 4316 828.
891 4266 927 4318 cf.
946 4274 970 4317 st
988 4269 1054 4318 locos
1071 4285 1098 4318 ax
1116 4269 1244 4319 Ammiano
1265 4269 1411 4320 Marcellino
1429 4275 1454 4320 et

364 4363 392 4396 ax
409 4347 507 4411 Syuesic
524 4364 596 4413 snpra
614 4352 645 4414 (p.
666 4351 695 4398 bd
714 4354 759 4414 sq.)
777 4350 874 4400 allatos.
1401 4339 1403 4344 ¹

397 4431 422 4499 4)
440 4428 500 4478 Vide
519 4446 580 4499 quae
597 4431 628 4485 ad
645 4431 716 4496 Vesp.
733 4448 756 4486 ν,
775 4432 789 4485 8
807 4433 933 4484 adnotavit
950 4434 987 4483 vir
1003 4433 1150 4483 clarissimus
1167 4447 1220 4483 vsu
1237 4433 1375 4484 mowers.
