3346 5376
721 1375 743 1458 q
763 1373 811 1440 15.

267 1559 336 1624 Iam
357 1561 392 1623 in
414 1557 513 1624 Isiece
535 1579 632 1640 saera,
656 1580 795 1644 quonam
819 1559 913 1625 modo
936 1565 968 1624 et
990 1562 1060 1644 ipsa
1081 1581 1156 1626 oum
1178 1562 1314 1646 magicis

223 1683 391 1747 coniuncta
420 1680 540 1745 fuerint
569 1680 701 1758 artibus,
732 1682 943 1765 inquiramus.
984 1679 1045 1745 Sed
1076 1686 1247 1768 antequam
1263 1681 1317 1747 ·de

224 1802 340 1879 teletis,
364 1802 479 1886 quibus
498 1803 643 1875 initiatus
662 1807 710 1866 est
729 1801 895 1887 Apuleius,
917 1801 1128 1888 disputemus,
1149 1803 1187 1869 de
1206 1801 1318 1870 solem-

224 1927 319 1991 nibus
349 1926 506 2010 mysticis,
538 1944 618 2008 quae
649 1929 771 1989 veteres
802 1923 1002 1989 celebrabant
1030 1927 1194 2011 Aegyptii.
1218 1945 1319 2010 pauca

225 2045 394 2132 praefanda
424 2050 508 2110 suut.
540 2043 611 2110 Non
642 2046 728 2109 euim
760 2066 835 2110 cum
868 2046 1016 2110 omnibus
1047 2066 1155 2110 omues
1186 2044 1224 2110 de
1256 2045 1317 2110 diis

227 2167 405 2251 deabusque
439 2163 562 2230 fabulas
592 2168 841 2231 communicasse
872 2165 1056 2244 secerdotes,
1089 2165 1143 2231 sed
1167 2165 1318 2252 quasdam

226 2291 265 2353 iis
306 2293 451 2363 tantum,
495 2307 573 2372 quos
612 2287 768 2351 eiusmodi
803 2289 899 2352 sacris
934 2287 1049 2372 dignos
1084 2288 1318 2364 existimarent,

230 2430 412 2486 reservasse,
435 2411 519 2473 inter
542 2407 783 2494 Aegyptologos
806 2410 911 2492 magis
934 2411 1102 2493 magisque
1122 2409 1269 2473 convenit
1282 2405 1318 2486 ¹).

232 2529 277 2595 De
310 2529 459 2596 Osiriecis
489 2534 573 2595 certe
604 2532 768 2616 mysteriis
798 2528 1000 2595 luculentum
1031 2535 1135 2595 exstet
1164 2529 1320 2595 Herodoti

229 2653 461 2728 testimonium,
497 2651 582 2736 quod
615 2652 732 2717 frustra
765 2650 926 2717 infirmare
958 2657 1089 2718 conatus
1120 2658 1168 2718 est
1196 2652 1320 2717 Wrnnn-

228 2793 319 2838 neure
331 2773 369 2854 ¹).
405 2775 510 2859 Atque
533 2795 572 2838 ex
595 2772 663 2839 loco
687 2772 756 2852 illo,
781 2795 876 2858 quem
899 2794 995 2859 supra
1017 2775 1048 2858 (ᾖ
1063 2773 1116 2854 10)
1139 2773 1319 2850 attulimus,

226 2895 427 2974 Herodoteo,'
448 2901 589 2982 apparet,
620 2897 776 2982 mysteria
798 2895 855 2960 illa
878 2894 1018 2960 solemne
1041 2895 1149 2972 fuisse,
1174 2895 1213 2960 ad
1237 2894 1320 2980 quod

226 3037 290 3080 non
313 3015 432 3102 vulgus
456 3015 585 3100 quidem
608 3015 784 3091 bominum,
809 3015 863 3080 sed
886 3015 1028 3100 plerique
1047 3021 1154 3081 temen
1174 3015 1319 3080 admitte·

227 3144 348 3203 rentur.
385 3137 554 3202 Praeterea
589 3139 707 3222 exiguo
738 3139 940 3202 initiatorum
971 3159 1104 3203 numero
1133 3139 1319 3202 interiorem

226 3239 407 3324 fabularum
439 3279 577 3334 sensum,
610 3257 847 3341 doctrinamque
878 3257 1036 3342 quandam
1067 3256 1319 3343 philosophicam

227 3403 295 3446 esse
314 3380 473 3457 traditam,
495 3385 527 3445 et
545 3382 629 3444 inter
648 3381 815 3464 scriptores
835 3381 980 3464 antiquos
994 3380 1030 3461 ³),
1050 3383 1083 3444 et
1100 3381 1319 3444 internoetrae

263 3623 286 3683 1)
309 3621 431 3680 unusne,
454 3622 579 3685 Aegypton
602 3619 651 3668 und
673 3619 845 3684 Aegyptisclres
868 3619 949 3668 Leben
966 3619 1000 3668 im
1019 3619 1148 3679 Altonum,
1166 3625 1225 3668 tom.
1242 3619 1276 3676 ΙΙ,
1294 3635 1319 3684 p.

229 3706 277 3755 358
299 3721 343 3770 eq,
367 3701 428 3763 stu
447 3704 475 3751 11.
495 3704 597 3762 bisunu,
615 3703 757 3750 Gescbichte
774 3703 815 3751 dee
832 3703 898 3752 alten
917 3705 1061 3768 Aegyptens,
1078 3719 1102 3768 p.
1122 3702 1167 3762 te;
1186 3699 1319 3761 Messene,

229 3787 293 3836 Hiet.
311 3803 363 3836 euc.
381 3787 404 3835 d.
422 3786 502 3850 peupl.
522 3786 545 3834 d.
563 3784 623 3834 l’Or.
641 3785 680 3843 cl.,
697 3791 755 3833 tom.
773 3784 794 3843 I,
811 3801 835 3848 p.
855 3785 910 3833 elo.

264 3870 288 3931 e)
313 3869 489 3927 Wrnnsusersrt,
512 3867 602 3916 Herod.
623 3883 666 3915 ουν.
687 3866 724 3925 B„
747 3882 771 3931 p.
791 3867 847 3925 592,
870 3867 900 3915 cf.
918 3872 943 3915 et
959 3866 1066 3915 eiusdem
1084 3865 1196 3924 auctoris,
1214 3864 1260 3914 Die
1276 3864 1321 3914 Re·

229 3953 305 4018 ligion
329 3954 371 4001 der
388 3953 454 4001 alten
471 3955 599 4017 Aegyptos,
616 3967 640 4015 p.
660 3951 706 3999 108
724 3966 759 4014 eq.
776 3950 866 3998 Contra
884 3949 1012 4010 Foueser,
1030 3950 1104 4001 Mem.
1121 3951 1151 3999 de
1167 3951 1261 3999 l'Aced.
1279 3949 1320 3998 dee

229 4035 305 4085 Iuecr.
322 4042 381 4084 tom.
399 4033 485 4083 XXXV
504 4035 552 4082 21110
569 4040 641 4098 pert.¹
659 4048 683 4096 p.
702 4032 807 4080 34-36.

265 4119 289 4178 8)
313 4119 389 4168 clem.
406 4118 476 4166 Alex.
492 4118 580 4165 Strom.
597 4114 627 4174 V,
643 4131 667 4179 p.
686 4114 742 4173 b'll),
759 4114 797 4163 ed.
815 4115 882 4164 Poto
900 4112 1036 4176 Αῑγύπτιοι
1054 4113 1081 4162 οὐ
1099 4115 1151 4171 τοῖς
1168 4111 1320 4176 ἐπιτυχοῦσι

230 4202 265 4250 'tlt
283 4201 350 4262 πιιρόι
368 4199 452 4262 σφίσιν
470 4197 607 4248 ἀνετίθεντο
625 4194 759 4257 μυστήρια,
778 4193 833 4244 οὐδὲ
850 4195 898 4256 μὴν
916 4194 1031 4258 βεβήλοις
1049 4196 1095 4253 τὴν
1112 4199 1161 4244 τῶν
1177 4194 1241 4244 telus
1258 4191 1322 4250 eltn-

231 4302 270 4332 σιν
293 4280 412 4348 ἐξέφερον,
435 4281 495 4331 ἀλλ’
518 4281 532 4339 ll
556 4283 636 4342 μόνοις
657 4295 688 4342 γε
711 4279 765 4336 τοῖς
783 4277 920 4339 μέλλουσιν
938 4277 979 4327 est
997 4279 1126 4341 βασιλείαν
1145 4275 1261 4339 προϊέναι,
1279 4274 1321 4324 nal

230 4369 280 4413 τῶν
306 4363 385 4426 ἱιρέοιν
408 4365 461 4422 τοῖς
483 4361 593 4426 κριθεῖσιν
617 4358 677 4410 εἶναι
699 4358 879 4420 δοκιμωτάτοις
903 4360 953 4410 ἀπό
976 4379 1005 4410 τε
1028 4363 1074 4418 τῆς
1098 4363 1190 4423 τροφῆς
1213 4358 1256 4408 nai
1277 4361 1322 4416 τῆς

230 4444 344 4503 παιδείας
366 4445 408 4495 nai
429 4450 474 4495 τοῦ
497 4443 588 4509 γένους.
615 4443 652 4492 Ol.
676 4450 700 4492 et
723 4442 789 4506 Orig.
814 4443 841 4492 (t.
865 4442 1321 4504 eels.1‚1a‚111,19,1v,ee,Ps.

229 4529 329 4588 Iambl,
345 4529 381 4578 De
399 4535 469 4594 myst.
486 4528 543 4588 VlI,
560 4527 632 4576 1-3.
