3404 5368
780 541 821 605 41

247 721 289 800 II,
316 719 398 789 170:
430 721 499 787 Είσί
528 721 560 786 δὲ
590 721 643 787 καί
676 724 709 788 αί
739 722 844 804 ταφαί
867 725 922 788 τοῦ
946 725 999 790 οὐκ
1022 720 1099 789 ίσιον
1123 729 1269 802 ποιεῦμαι
1293 723 1344 789 ε’πί

247 842 370 924 τοιούτῳ
400 845 564 925 πριίγματι
597 841 788 926 ἐξαγορεύειν
811 845 846 909 σδ
873 843 998 925 οὕνομα,
1021 846 1052 910 ἕν
1076 845 1151 925 Σοίί,
1175 846 1206 910 ἒν
1228 845 1271 926 τῷ
1296 845 1346 927 ίριῖι

247 975 305 1040 τῆς
328 965 500 1044 Ἀίηναίης,
530 964 634 1032 ίπισίε
665 970 719 1032 τοῦ
752 970 831 1046 νηοῦ,
864 968 980 1040 παντὸς
1010 972 1063 1032 τοῦ
1096 974 1151 1042 τῆς
1183 965 1348 1045 ’Λίηναίηο

247 1085 394 1169 ε’χίμενοιι
426 1087 542 1168 τοίχου.
573 1088 625 1152 καί
657 1088 686 1153 ἕν
716 1088 758 1169 τῷ
788 1086 915 1166 τεμένεϊ
940 1088 1045 1167 ίβελοί
1078 1089 1187 1155 ἓστῖοσι
1209 1089 1347 1168 μεγοίλοι

247 1209 361 1290 λίίινοι,
383 1209 476 1286 λίμνη
500 1209 534 1274 τί
561 1211 627 1274 ἐστι
652 1210 783 1291 ἐχομένη
807 1210 903 1292 λιίίνη
923 1210 1043 1291 κρηπῖδι
1064 1210 1276 1290 κεκοσμημίνη
1296 1213 1347 1278 καί

249 1330 422 1410 ἐργασμένη
448 1326 481 1396 εὗ
504 1329 617 1411 eccae,
637 1331 688 1396 καί
711 1331 861 1412 μίγαίος,
884 1333 922 1405 νίς
947 1333 1012 1410 ίμοί
1038 1331 1148 1412 ἔδίκεε,
1173 1329 1226 1410 ίση
1253 1333 1348 1413 περι)

250 1453 281 1518 ίν
301 1454 394 1533 Διίλῳ
414 1454 432 1528 ο)
451 1449 622 1533 τροχοειδὴς
643 1453 816 1532 καλεομένη
829 1453 864 1535 ¹).
886 1450 962 1521 171.
983 1455 1036 1519 Ἐν
1051 1455 1081 1520 δὲ
1094 1463 1133 1538 τῇ
1146 1455 1238 1538 λίμνη
1249 1455 1349 1538 παύση

252 1575 295 1642 τοὶ
318 1574 448 1649 δείκηλα
479 1580 537 1639 τῶν
568 1573 686 1640 παίίοιν
708 1577 803 1642 αὐτοῦ
828 1574 933 1648 νυκτὸς
959 1575 1127 1659 ποιεῦσιί),
1151 1579 1193 1642 τοὶ
1219 1581 1347 1643 καλεῦσι

250 1697 403 1776 μυστήρια
427 1696 605 1774 Αίγιίπτιοι.
626 1696 692 1778 περί
712 1695 769 1775 μίν
788 1721 838 1762 νυν
856 1697 971 1763 τούτων
990 1697 1081 1764 είδίτι
1102 1722 1152 1777 μοι
1174 1697 1224 1764 ε’πί
1245 1698 1348 1779 πλέον,

250 1820 287 1890 είς
311 1816 432 1884 ἕκαστα
457 1819 557 1883 αὐτῶν
581 1816 658 1904 ἔχει,
684 1816 823 1894 είστομα
849 1818 970 1904 κεέσίω,
995 1823 1084 1899 satis,
1108 1823 1230 1906 opinor,
1250 1827 1349 1907 patet,

250 1941 414 2006 nocturnis
437 1939 524 2004 hisce
548 1942 749 2006 caerimoniis
772 1945 856 2006 stato
879 1948 1021 2028 tempore
1044 1929 1239 2008 celebrandis
1261 1963 1351 2030 mag-

251 2083 331 2128 num
354 2059 499 2126 fidelium
520 2060 704 2127 interfuisse
726 2081 909 2128 numerum.
1184 2033 1187 2038 Ι

296 2181 414 2251 Contra
434 2184 468 2247 in
490 2181 557 2247 illis
581 2185 786 2269 syncretismi
809 2184 1008 2270 temporibus
1030 2183 1124 2250 Isiaci
1143 2182 1250 2250 cultus
1270 2186 1351 2250 anti·

253 2308 342 2372 stites
374 2310 407 2370 et
437 2301 576 2370 Cerealis
607 2303 764 2390 quaedam
792 2307 877 2370 inter
905 2325 939 2370 se
967 2311 1131 2371 mutuatos
1162 2327 1238 2384 esse,
1263 2306 1349 2371 haud

255 2433 456 2514 negamus2).
487 2426 524 2492 In
554 2425 685 2513 templis
715 2425 837 2492 seilicet
863 2424 992 2493 Graecis
1015 2447 1093 2493 vasa
1116 2433 1240 2513 reperta
1263 2433 1349 2507 sunt,

254 2549 366 2634 quibus
396 2553 490 2614 notae
519 2549 690 2634 inscriptae
721 2551 798 2612 sunt
827 2548 1055 2635 Aegyptiacae,
1087 2551 1282 2636 numinaque
1304 2551 1351 2613 in-

250 2669 374 2757 sculpta
396 2671 605 2757 Aegyptiace.
629 2667 667 2734 In
690 2667 809 2734 tabulis
833 2671 952 2734 votivis
970 2670 1062 2734 iuxta
1082 2667 1349 2736 Graecanicorum
1460 2742 1464 2752 q

249 2794 421 2858 numinum
444 2797 477 2857 et
500 2791 774 2876 Aegyptiacorum
797 2791 1008 2856 inveniuntur
1030 2793 1169 2856 nomina.
1194 2790 1349 2871 Fuerunt,

250 2917 306 3001 qui
336 2919 368 2980 et
397 2911 520 2980 Cereris
549 2912 672 2977 initiati
701 2913 765 2976 sint
795 2910 903 2977 teletis
934 2917 966 2977 et
988 2911 1092 2978 Isidis.
1117 2912 1292 2980 Hermione
1315 2917 1350 2980 in

250 3035 366 3122 oppido
389 3037 482 3100 iuxta
504 3032 599 3100 Isidis
623 3031 715 3098 aedes
738 3035 834 3098 sacris
853 3035 888 3098 in
906 3035 1023 3119 saeptis
1043 3038 1077 3099 et
1094 3054 1206 3100 arcena
1225 3032 1348 3102 Cereris

249 3156 483 3244 peragebantur
516 3173 613 3220 sacra.
649 3151 715 3218 Nec
749 3174 814 3218 non
849 3159 881 3219 et
915 3156 1085 3240 utriusque
1118 3154 1348 3242 irreligionis

248 3278 364 3344 ritibus
397 3275 633 3363 purificationes
667 3275 822 3360 invenias,
857 3276 988 3354 ieiunia,
1025 3277 1120 3341 cistas
1154 3285 1348 3344 secretorum

249 3421 387 3486 capaces,
402 3398 499 3465 fidem
515 3396 645 3463 silentii.
661 3397 867 3464 Lactantium
878 3399 905 3478 ⁴)
919 3398 1034 3483 igitur,
1046 3395 1184 3464 Minucii
1195 3397 1310 3465 Felicis
1322 3401 1349 3481 Β)

249 3543 357 3609 presso
387 3520 466 3607 pede
492 3523 638 3585 secutum
661 3521 801 3605 vestigia
814 3519 850 3600 6),
875 3539 951 3585 cum
973 3517 1213 3585 Eleusiniorum
1235 3520 1350 3586 solem-

252 3647 344 3709 nium
365 3641 603 3727 Isiacorumque
622 3642 830 3707 caerimonias
849 3638 1012 3706 luctuosas
1030 3639 1135 3719 modo,
1156 3661 1232 3708 mox
1250 3639 1349 3708 laetas

254 3782 419 3792 ..—

288 3856 311 3918 1)
327 3855 405 3906 Lacus
430 3855 473 3904 ille
489 3854 588 3904 Delicue
607 3852 769 3903 ccexxxlx
786 3854 859 3918 pedes
876 3852 985 3918 anglicos
1001 3852 1088 3918 longus
1107 3870 1135 3903 ao
1153 3853 1193 3904 OG
1209 3871 1234 3920 p.
1244 3871 1266 3906 a.
1283 3855 1349 3906 latua

252 3945 312 3998 eret,
328 3939 359 3989 cf.
379 3936 554 3996 Wruonnrrrr,
571 3935 693 3986 Herodoto
709 3935 805 3985 circites
823 3935 893 3985 Buclr
909 3951 933 4001 p.
952 3936 1008 3985 591.

286 4021 311 4083 2)
327 4020 454 4071 Eiusmodi
477 4019 595 4070 solemnia
616 4025 641 4070 et
662 4019 744 4085 abydi
765 4019 869 4084 aliisque
891 4018 918 4068 in
941 4017 1043 4068 urbibus
1061 4018 1184 4070 celebrate
1202 4036 1261 4080 eece,
1276 4021 1351 4071 refert

252 4100 387 4164 Macrino,
403 4101 512 4152 Histoire
528 4103 644 4152 ancienne
660 4102 702 4152 dee
718 4101 818 4167 peuples
835 4101 865 4151 de
882 4101 988 4150 l'Orient
1004 4101 1132 4166 classique,
1149 4107 1209 4152 tom.
1222 4102 1244 4162 1,
1258 4118 1283 4167 p.
1293 4103 1349 4152 510.

287 4187 311 4248 3)
327 4187 357 4235 In
373 4186 529 4250 sequentibus
546 4185 665 4251 imprimis
682 4190 739 4235 ante
755 4186 839 4235 oculos
856 4185 932 4234 habui
948 4183 1101 4235 Drerlerium
1119 4185 1135 4235 i.
1147 4202 1167 4234 ν.
1186 4185 1241 4245 leis,
1253 4186 1299 4236 1.1.

286 4271 311 4330 4)
327 4267 395 4318 Lact.
412 4267 468 4317 Dir.
485 4266 546 4318 Inet.
564 4265 586 4328 1,
603 4267 642 4318 al.

287 4353 311 4413 ὃ)
327 4351 389 4402 Min.
406 4350 456 4400 rel.
475 4350 529 4400 Oet.
547 4349 586 4400 al.

288 4433 312 4494 6)
329 4433 366 4482 De
387 4431 515 4482 Lactantio
533 4432 637 4481 Minucii
655 4432 743 4482 Felicia
760 4433 883 4482 imitatore
900 4433 931 4482 ci.
948 4432 1043 4492 Elauer,
1061 4433 1126 4498 Allg.
1143 4434 1228 4484 Geech.
1246 4434 1269 4483 d.
1288 4433 1348 4484 litt.

257 4517 280 4566 d.
297 4515 364 4566 Mitt.
381 4516 397 4566 i.
414 4515 532 4566 Abend1.¹
552 4521 612 4565 tom.
628 4515 649 4576 Ι,
666 4532 690 4581 p.
708 4515 748 4566 84.
