3346 5376
740 524 781 588 91

214 711 246 772 et
268 707 328 771 hae
350 707 420 791 ipsa
442 708 475 770 in
498 707 696 793 paragrapho
720 727 814 792 supra
839 704 991 784 vidimus,
1011 709 1156 792 ipsorum
1177 707 1310 772 deorum

213 834 261 894 ost
275 827 441 914 adspectus
457 824 480 908 ¹)
496 831 529 892 in
548 830 770 894 secretioribus
788 831 988 894 caerimoniis
997 849 1005 908 ;
1025 827 1187 908 κοινότεραι
1201 836 1321 895 eontra*

212 950 306 1030 εὐχαὶ
337 950 377 1016 ad
409 947 535 1014 cultum
567 949 737 1034 publicum
760 949 941 1014 referendae
965 956 1050 1016 sunt.
1084 949 1122 1016 In
1145 955 1311 1038 mysteriis

210 1075 314 1160 igitur
336 1074 422 1157 ipsos
446 1071 520 1135 deos
542 1073 680 1136 initiatis
704 1091 771 1136 sese
792 1071 1010 1156 adspiciendos
1029 1073 1212 1157 praebuisse
1231 1074 1312 1140 indi-

211 1200 262 1261 cat
294 1197 430 1281 scriptor
461 1215 569 1260 rerum
593 1194 838 1281 theurgioarum
861 1214 897 1260 ao
919 1197 1135 1282 mysticarum
1158 1197 1313 1281 peritissi-

212 1337 296 1381 mus.
343 1314 380 1379 In
415 1317 561 1399 proxima
596 1318 736 1380 seotione
770 1314 951 1402 Porphyrio
985 1319 1149 1403 respondit
1184 1320 1312 1404 roganti

214 1436 374 1523 quomodo
397 1437 544 1502 homiues
569 1437 630 1502 diis
651 1439 775 1522 possint
799 1440 997 1516 comminari,
1022 1439 1062 1503 of.
1082 1439 1199 1524 Porph.
1220 1442 1312 1525 epist.

216 1579 235 1624 a
266 1556 363 1625 Galeo
393 1557 513 1638 refiota,
546 1557 605 1624 30:
638 1561 744 1638 πολλῷ
778 1557 809 1622 δὲ
840 1561 955 1626 τούτων
985 1561 1185 1640 ἀλογώτερον,
1210 1560 1244 1624 τὸ
1268 1560 1313 1637 μη

216 1680 344 1758 δαίμονι,
379 1681 404 1744 εί
435 1679 537 1760 τύχοι,
571 1679 588 1754 ἦ
621 1684 712 1762 ψυχῇ
744 1679 930 1759 τεόνηκότνς,
955 1654 1039 1760 αὐτώ
1064 1681 1095 1746 δὲ
1120 1685 1162 1762 τῷ
1185 1681 1317 1759 βασιλεῖ

218 1802 313 1882 Ἧλίιρ
346 1803 362 1878 ἢ
396 1803 515 1884 Σελήνη
548 1802 565 1878 ἥ
597 1825 653 1866 τινι
685 1805 743 1866 τῶν
775 1801 847 1866 κατ’
871 1803 1001 1888 οὐρανόν,
1027 1799 1177 1886 ἀνόρωπον
1200 1805 1242 1885 τῷ
1266 1828 1316 1868 τυ-

215 1926 305 2008 χόντι
339 1924 509 2005 ὑποχείριον
533 1925 668 1996 ἀπειλάς
693 1925 903 2005 προσφέροντα
928 1925 1086 2006 ἐκφοβεῖν,
1117 1925 1313 2005 ψευδόμενον,

217 2044 253 2112 ἵν’
285 2047 387 2111 ἐκεῖνον
420 2053 476 2127 (so.
508 2047 534 2110 oi
565 2046 639 2132 όεοί)
670 2046 869 2122 ἀληθεύουσι.
902 2049 936 2113 τὸ
967 2048 1029 2128 γάρ
1053 2048 1169 2127 λέγειν,
1194 2043 1240 2113 ότι
1263 2051 1315 2115 τόν

213 2160 338 2252 ὀὐρανόν
368 2166 552 2248 προσαράξει
585 2169 636 2234 καί
668 2169 710 2234 τά
743 2171 865 2250 κρυττά
897 2177 952 2242 τῆς
972 2172 1082 2245 Ἴσιδος
1108 2173 1242 2252 ἐκφανεῖ
1262 2172 1322 2237 καί·

218 2291 252 2356 τό
284 2291 314 2354 έν
341 2289 466 2370 Ἀβόδιρ
490 2289 655 2370 ἀπόρρητον
679 2289 769 2368 δείξει
794 2291 846 2356 καὶ
870 2292 924 2364 την
949 2292 1042 2371 βάριν
1065 2293 1170 2367 στήσει
1194 2293 1246 2357 καί
1272 2293 1314 2358 τά

218 2411 298 2490 μέλη
323 2416 377 2476 τοῦ
400 2410 548 2491 Ὀσίριδος
572 2410 767 2478 διασκεδάσει
791 2415 832 2492 τῷ
856 2419 995 2492 Τυφῶνι,
1019 2415 1089 2479 τίνα
1109 2417 1169 2494 οὐχ
1190 2413 1315 2493 ὑπερβο·

219 2533 275 2606 λίην
299 2531 476 2610 ἐμπληξίας
499 2534 557 2608 μὲν
580 2533 622 2614 τῷ
646 2533 821 2598 ἀπειλοῦντι
848 2525 868 2600 ἀ
892 2533 973 2610 μήτε
993 2530 1054 2598 εἶδε
1075 2536 1155 2612 μήτε
1176 2535 1316 2615 δύναται,

220 2655 418 2730 καταλείπει,
442 2653 659 2729 ταπεινότητος
683 2652 715 2718 δὲ
738 2663 800 2726 τοῖς
826 2654 986 2722 δεδοικόσιν
1010 2655 1085 2721 οὕτω
1110 2656 1193 2722 κενόν
1217 2658 1317 2738 Φόβον

221 2777 271 2842 καί
304 2777 496 2855 πλάσματα,
529 2778 567 2848 ώς
599 2777 707 2858 κομιδῇ
740 2777 847 2842 παισίν
872 2779 1028 2854 ἀνοήτους
1054 2777 1177 2858 Quibus
1201 2782 1247 2845 sio
1271 2801 1319 2845 oa·
1369 2811 1371 2815 ·

220 2901 320 2966 currit
343 2899 533 2976 Abammon,
558 2904 596 2962 ut
619 2899 779 2964 eiusmodi
802 2901 900 2964 minis
923 2921 985 2965 non
1008 2899 1092 2978 deos,
1117 2901 1172 2966 sed
1193 2901 1320 2966 inferio-

220 3025 265 3087 ris
295 3025 424 3086 tantum
446 3020 566 3084 ordinis
589 3020 756 3086 daemones
780 3023 892 3086 terreri
915 3021 1061 3099 affirmet,
1086 3021 1139 3100 VI,
1165 3022 1203 3087 5:
1229 3026 1317 3087 τοῦτο

220 3146 255 3217 δη
287 3147 351 3208 πάν
382 3143 416 3206 τό
441 3138 516 3213 εἶδος
541 3149 600 3206 τῶν
623 3141 724 3218 λόγων
748 3144 818 3223 οὐχ,
843 3144 881 3214 ώς
906 3142 944 3206 σὺ
969 3144 1109 3224 νομίζεις,
1136 3143 1208 3222 πρός
1237 3141 1317 3219 ἥλιον

222 3265 239 3340 ἢ
271 3263 398 3339 σελήνην
430 3263 447 3338 ἦ
472 3286 541 3327 τινα
563 3263 621 3327 τῶν
644 3262 716 3328 κατ’
740 3260 861 3342 οὐρανόν
885 3263 1137 3328 ἐπανατείνονται
1162 3264 1189 3328 οἱ
1214 3261 1320 3344 ἀνόρυ-

221 3410 271 3452 ποι
296 3384 354 3466 (ἔτι
379 3386 442 3466 γάρ
465 3383 503 3451 ἀν
527 3384 639 3463 συνέβη
665 3383 815 3465 δεινότερα
840 3383 945 3450 ἄτοπα
961 3380 1007 3451 ’ὧν
1031 3387 1068 3451 σὺ
1092 3384 1320 3467 σχετλιάζεις),

257 3695 281 3757 1)
305 3693 342 3743 cf.
365 3699 389 3742 et
412 3693 492 3756 ipsum
510 3691 687 3739 Abammonem
704 3687 739 3748 ΙΙ,
756 3693 772 3738 4
788 3691 821 3754 (p.
840 3688 871 3741 76
890 3705 926 3754 sq.
944 3689 982 3739 ed.
999 3689 1101 3752 Parthi,
1121 3689 1164 3738 ubi
1179 3693 1229 3737 τών
1246 3686 1322 3738 αιἰτο-

222 3782 304 3841 φανών
322 3773 480 3838 ἀγαλμάτων
498 3787 616 3838 quaenam
634 3772 667 3820 sit
684 3772 747 3821 ratio
765 3771 876 3836 exponit:
894 3769 979 3820 οὐκοῦν
998 3769 1022 3819 έν
1045 3770 1090 3832 μδν
1114 3771 1171 3828 ταῖς
1194 3775 1243 3820 τῶν
1267 3771 1322 3820 θεῶν

224 3857 360 3918 αὐτοώίαις
378 3853 544 3918 ἐναργέστερα
562 3853 604 3902 καὶ
620 3851 700 3910 αὐτῆς
718 3855 764 3910 τῆς
783 3851 899 3910 ἀληόείας
917 3853 1005 3914 δρᾶται
1023 3854 1058 3902 τόν
1076 3851 1199 3913 tropaea,
1217 3853 1323 3914 ἀκριβῶς

224 3958 254 3990 τε
272 3937 410 4000 διαλάμπει
429 3937 472 3986 καί
489 3936 649 3998 διηρθρωμένα
667 3931 787 3997 λαμπρῶς
804 3932 962 3997 ἐμφαίνεται·
986 3936 1020 3983 τδι
1039 3933 1066 3983 δὲ
1084 3939 1133 3982 τών
1151 3933 1323 3997 ἀρχαγγέλων

224 4022 303 4081 ἀληόῆ
320 4021 363 4071 καὶ
380 4020 468 4070 τέλεια
487 4021 616 4083 φαίνεται·
633 4021 668 4068 τὰ
686 4017 713 4068 δὲ
730 4023 779 4066 τών
797 4017 916 4081 ἀγγέλων
933 4017 1052 4082 διασώζει
1068 4019 1113 4078 μὲν
1129 4019 1158 4066 τὸ
1173 4016 1237 4066 αὐτὸ
1253 4013 1326 4076 εἶδος,

224 4105 290 4162 πλην
314 4103 405 4167 ὑφίησί
425 4121 450 4152 τι
476 4105 521 4160 τῆς
543 4104 704 4172 γνωριστικης
722 4099 927 4162 ἀποπληρώσεως.
947 4101 984 4150 cf.
1003 4108 1028 4150 et
1045 4101 1077 4150 ib.
1096 4101 1161 4164 7.(ρ.
1181 4100 1213 4148 83
1231 4116 1267 4164 sq.
1286 4101 1325 4150 ed.

224 4188 332 4248 Partha:
355 4185 401 4234 Καὶ
421 4185 467 4246 μὴν
486 4187 531 4241 τῆς
547 4202 579 4247 γε
596 4183 698 4250 τάξεως,
716 4181 743 4240 ἣν
762 4185 788 4232 οἱ
801 4182 914 4245 ὁρώμενοι
932 4183 1032 4246 έχουσι,
1049 4184 1167 4246 γίγνεται
1185 4181 1286 4248 ’ἔνδειξις
1300 4186 1325 4232 ἐν

224 4272 284 4328 ταῖς
306 4266 449 4328 αιίτοψίαις,
472 4272 521 4316 τών
543 4267 588 4328 μὲν
606 4266 662 4316 όεών
679 4266 746 4324 όεοὺς
764 4265 778 4322 ἠ
797 4265 926 4329 ἀγγέλους
945 4262 1055 4329 ἐχόντων
1073 4264 1128 4327 περὶ
1143 4264 1258 4324 ἑαυτούς,
1275 4269 1325 4316 τών

225 4352 253 4403 δὲ
271 4349 441 4414 ἀρχαγγέλων
460 4350 621 4412 προπομποὺς
638 4348 765 4412 ἀγγέλους
783 4347 797 4404 a
815 4349 859 4396 σὺν
877 4346 976 4406 ἑαυτοῖς
995 4347 1214 4410 συντεταγμένους
1231 4346 1246 4404 t
1263 4365 1326 4396 ιιοιτ-

225 4437 280 4484 όπιν
307 4431 440 4494 ἑπομένους
466 4431 480 4489 ’si
507 4430 586 4489 ἀλλην
615 4432 671 4480 τινδι
696 4429 838 4492 δορυφορίαν
865 4430 961 4488 πολλὴν
990 4429 1108 4493 ἀγγέλων
1139 4429 1194 4492 περὶ
1220 4427 1325 4486 τάυτοός

226 4515 444 4580 περιβαλλομένων
461 4526 518 4564 κτλ.
