3404 5368
769 517 811 584 59

576 706 625 767 ter
640 700 663 782 ¹)
686 703 825 787 sumptis
848 700 982 766 flumine
1005 701 1127 765 crinem

373 823 525 888 irroravit
548 825 656 908 cquis,

237 973 333 1041 Ovid.
358 973 439 1042 Met.
463 973 534 1057 VII,
561 972 624 1040 189
649 994 695 1059 sq.
730 972 783 1040 Sic
805 975 839 1038 in
862 973 940 1039 Luc.
965 973 1166 1060 Necyomaut
1200 969 1231 1039 7.
1267 960 1336 1038 Me·

236 1099 364 1182 nippus,
395 1100 584 1182 priusquam
614 1095 755 1162 infernas
786 1095 900 1162 adierit
927 1095 1026 1174 sedes,
1050 1117 1068 1161 a
1091 1116 1188 1182 mago
1211 1116 1244 1160 se
1267 1113 1335 1160 esse

238 1217 386 1284 ablutum
416 1223 540 1283 narrat:
574 1217 775 1298 Παραλαβὼν
804 1217 836 1282 δέ
861 1242 902 1296 με
927 1218 941 1283 l
964 1219 1037 1298 aurp
1060 1222 1115 1298 (sc.
1141 1217 1335 1284 Mithrobar-

238 1360 329 1405 zanes
360 1345 488 1426 magus)
519 1345 624 1420 πρῶτα
654 1339 711 1414 μὲν
742 1337 856 1418 ἡμέρας
881 1338 967 1404 ἐννέα
991 1339 1042 1404 καὶ
1066 1327 1178 1404 ἐἴκοσιν
1200 1333 1271 1414 ἅμα
1294 1347 1333 1415 τῇ

239 1461 351 1542 crolup
382 1461 551 1540 ἀρξάμενος
583 1459 668 1526 ἔλουε
700 1461 850 1538 καταγων
881 1457 966 1526 ἕωθεν
998 1461 1047 1525 ἐντὶ
1078 1459 1129 1524 τὸν
1153 1459 1333 1542 Εὐφρατκν.
1407 1433 1408 1438 ¹

240 1581 294 1648 Sic
329 1583 498 1669 theurgica
529 1585 585 1668 qui
615 1584 807 1669 peragebant
839 1603 936 1678 sacra,
967 1604 985 1648 a
1014 1581 1260 1647 lustrationibus
1289 1602 1337 1646 oa

238 1705 370 1790 piabant
405 1704 581 1781 exordium,
617 1705 656 1770 ci.
692 1725 719 1770 e.
755 1725 786 1790 g.
819 1703 922 1770 Procl.
956 1701 992 1768 In
1025 1701 1111 1770 Orat.
1141 1723 1173 1789 p.
1207 1701 1288 1768 106:
1321 1701 1335 1766 i

240 1825 379 1904 θεαυργὸρ
412 1825 425 1890 d
456 1833 511 1900 τῆς
538 1832 669 1899 τελετῆς
693 1826 801 1890 τούτου
825 1830 863 1906 (s.
888 1824 1048 1910 Apollinis
1060 1823 1101 1905 '))
1124 1823 1335 1903 τρακαθνρραύ·

240 1971 330 2026 μενος
355 1946 417 2011 απὸ
442 1953 500 2011 τῶν
524 1945 698 2025 καθάρσεων
722 1943 857 2029 ἄρχεται
883 1946 936 2011 καὶ
961 1948 1019 2014 τῶν
1043 1945 1258 2027 τερνῤῥνὶντεων

379 2099 479 2172 Αὐτὸς
506 2098 531 2163 δ’
555 2099 585 2164 ἐν
609 2099 735 2180 τρῶτανς
757 2100 852 2181 ἱερεὺς
877 2099 967 2181 τνρὸς
992 2098 1069 2179 ἔργα
1095 2098 1245 2179 κυβερνῶν

376 2223 493 2299 κύματι
517 2220 657 2303 ρἀννέσδω
682 2223 808 2303 occup
833 2217 1008 2303 βαρυαχέας
1033 2216 1150 2296 ἅλμης.

286 2375 444 2457 Venerei)
467 2380 575 2441 autem
598 2376 740 2461 cibisque
763 2374 956 2460 quibusdam
979 2395 1015 2440 ac
1037 2374 1221 2462 potionibus
1243 2374 1338 2439 absti-

243 2499 365 2582 nebant,
401 2518 514 2583 resquo
548 2497 690 2562 sordidas
723 2517 762 2561 ns
796 2498 1028 2582 contingerent,
1064 2515 1161 2580 quam
1196 2496 1337 2560 maxims

241 2623 397 2687 vitabant.
433 2619 486 2686 Sic
518 2619 629 2684 eadem
658 2618 716 2684 illa
747 2616 861 2684 Medea
892 2619 1011 2704 rcfscpc't
1040 2617 1146 2684 oirilco
1165 2625 1336 2703 proctector,

241 2743 335 2810 Ovid.
366 2741 446 2806 Met.
478 2739 547 2818 VII,
572 2740 638 2806 239
662 2762 708 2826 sq.
745 2739 796 2806 Sic
820 2739 1028 2826 Apollonium
1051 2739 1248 2826 Tyanasum,
1272 2761 1339 2805 om-

240 2868 333 2931 nium
363 2884 535 2950 magorum
558 2869 591 2928 st
614 2863 709 2928 decus
732 2867 765 2928 et
787 2862 898 2928 lumen
911 2863 948 2944 ⁴),
972 2884 1121 2929 venereas
1145 2862 1336 2949 voluptates,

240 3007 379 3063 caruem,
402 2987 527 3067 vinum,
552 3005 679 3049 omnem
702 3005 758 3069 per
781 2987 885 3049 vitam
908 2984 1129 3049 abominatum
1153 3006 1219 3050 esse
1241 2985 1339 3050 refert

241 3083 469 3186 Philostratus,
494 3105 558 3172 Vit.
583 3104 690 3191 Apoll.
715 3104 740 3183 I,
765 3104 797 3183 8,
823 3104 882 3184 13;
907 3108 952 3171 sic
975 3105 1028 3171 vel
1050 3106 1168 3184 ydaros
1193 3105 1338 3193 perditis-

242 3260 413 3272 ——-·

275 3353 301 3414 1)
318 3349 431 3400 Numerio
447 3348 600 3414 quibusdam,
617 3354 652 3408 ut,
670 3347 694 3408 3,
712 3346 735 3406 l,
752 3346 791 3396 vel
808 3347 960 3412 simplicibus
977 3347 1017 3396 vel
1033 3348 1205 3414 multiplicatis
1220 3365 1337 3415 perquam

240 3435 344 3500 gundaro
360 3447 452 3496 magos,
469 3431 508 3481 vir
526 3437 563 3480 est
580 3431 644 3495 quod
662 3445 782 3480 moncsm.

275 3516 300 3578 2)
322 3515 447 3580 Spectmen
469 3513 588 3563 eiusmodi
611 3512 813 3571 Ἀταλκωννακῆς
836 3510 989 3571 ἐπικλήσεως
1011 3515 1111 3580 praebet
1134 3531 1196 3564 uuus
1214 3531 1227 3564 e
1245 3515 1338 3565 duobus

241 3597 292 3646 illis
305 3595 411 3662 papyris,
428 3611 487 3660 quoe
501 3595 526 3644 in
540 3595 604 3644 Abh.
620 3595 662 3644 dor
675 3595 737 3644 Kbn.
755 3595 834 3646 Akad.
854 3597 877 3646 d.
894 3597 965 3646 Wias.
983 3613 1013 3646 zu
1029 3597 1121 3656 Berlin,
1139 3615 1160 3648 a.
1180 3599 1244 3647 1866
1263 3599 1339 3648 edidit

242 3681 375 3740 Panum,
397 3679 457 3744 Pap.
481 3679 502 3738 I,
526 3678 666 3732 263-847.
690 3678 726 3729 cf.
750 3695 811 3743 queo
833 3679 879 3728 hac
902 3679 931 3729 de
949 3680 1102 3730 invocatione
1119 3681 1229 3746 disputat
1244 3680 1339 3731 Assim-

183 3780 186 3786 ·
243 3777 322 3822 nau,
340 3762 394 3813 llas.
412 3779 431 3814 a.
449 3763 466 3812 l.
485 3762 569 3811 Guost.
587 3759 632 3825 sig„
650 3778 674 3826 p.
693 3762 834 3812 alt-318.

277 3847 301 3909 8)
323 3846 421 3905 Kauan,
442 3845 546 3894 Autiker
563 3844 726 3908 Aborglaubo,
743 3861 767 3909 p.
786 3845 832 3894 29:
850 3845 898 3904 „So
915 3846 1016 3910 glaubte
1030 3863 1098 3907 -man,
1113 3848 1225 3898 daos-die
1240 3847 1338 3897 Bersab-

242 3945 304 3994 rung
327 3929 369 3978 dar
387 3927 536 3978 Kausohbeit
551 3927 743 3991 hervorragendo
760 3927 832 3976 Kraft
848 3928 959 3978 verleiht.
980 3957 1009 3966 —
1027 3930 1072 3978 Boi
1088 3930 1264 3980 llrwacbsenen
1278 3930 1339 3979 wird

243 4012 283 4062 dio
306 4011 456 4060 Xeuacbheit
479 4015 567 4059 cresim
584 4009 660 4058 durch
677 4008 820 4073 zeitwoilige
837 4009 1002 4074 Entboltung;
1021 4012 1056 4060 sia
1072 4012 1133 4062 wind
1150 4029 1197 4062 von
1215 4013 1261 4061 dcn
1278 4013 1338 4061 Zan-

242 4095 326 4145 berarn
343 4093 457 4144 sibrand
474 4093 516 4142 der
533 4091 776 4156 Vorbercitungezoit‚
794 4093 833 4142 dio
848 4093 914 4142 einer
931 4093 1198 4160 Gaistarbeschwbrung
1214 4101 1274 4145 stete
1288 4111 1341 4144 vor·

243 4177 342 4242 angoht,
358 4177 408 4225 fast
424 4176 509 4224 immor
527 4175 672 4239 gerardus&

276 4263 301 4320 4)
323 4258 379 4308 Non
402 4258 528 4323 indignum
551 4263 595 4317 est,
618 4257 683 4322 quod
705 4257 840 4316 laudemus,
858 4258 990 4322 Augustini
1006 4258 1070 4308 illud
1087 4261 1116 4308 ds
1134 4259 1274 4324 Apollonio,
1291 4259 1336 4326 Ep.

244 4340 401 4400 CXXXVIII,
427 4341 458 4390 ad
483 4339 664 4399 Marcellinum,
689 4341 733 4388 la:
753 4340 850 4400 „Multo
867 4341 932 4390 onim
949 4341 1043 4402 molior,
1063 4343 1127 4407 quod
1145 4344 1272 4393 fatendum
1295 4350 1340 4404 ast,

244 4424 390 4490 Apollonius
412 4423 467 4484 fuit,
485 4439 559 4488 quem
575 4429 614 4473 tot
630 4428 769 4488 stuprorum
786 4430 871 4474 auctor
888 4431 912 4474 et
929 4431 1087 4490 perpetrator,
1105 4443 1176 4492 quom
1194 4427 1278 4477 Iovem
1294 4444 1338 4477 no·

244 4506 364 4558 minent’'.
