3404 5368
895 456 938 523 34

367 608 530 716 Videmus,
565 659 645 724 quae
679 638 720 704 ad
753 638 996 706 oblectationem
1037 638 1241 724 popularium
1275 659 1396 724 quaeve
1428 641 1463 704 in

368 757 461 824 divae
484 760 636 826 honorem
660 758 814 825 solemnia
836 759 922 826 flant.
949 759 1019 826 Iam
1042 745 1252 847 sospitatricis
1275 760 1350 826 deae
1373 782 1465 846 pecu-

366 879 454 946 liaris
484 882 621 948 molitur
651 883 745 948 turba
759 880 795 964 ¹).
827 883 1006 948 Procedunt
1036 882 1188 949 mulieres
1219 885 1307 949 viam
1334 881 1465 948 fioribus

368 1007 543 1068 sternentes
561 1004 746 1090 plateasque
764 1007 940 1091 unguentis
959 1009 1212 1092 conspergentes.
1227 1003 1369 1091 Magnus
1380 1023 1466 1090 prae

368 1129 454 1192 terea
487 1147 582 1192 sexus
615 1128 784 1212 utriusque
824 1147 979 1192 numerus
1016 1126 1117 1192 taedis
1150 1128 1249 1192 cereis
1282 1125 1467 1211 facibusque

369 1247 512 1312 siderum
542 1247 727 1313 coelestium
750 1249 883 1334 stirpem
906 1249 1089 1333 propitiant.
1113 1227 1329 1334 Symphoniae
1353 1247 1466 1314 dehinc

370 1389 483 1434 suaves
524 1368 649 1435 fistulae
683 1370 843 1455 tibiaeque
884 1368 1025 1434 modulis
1058 1368 1252 1435 dulcissimis
1287 1373 1465 1457 personant.

302 1561 306 1569 ,
369 1488 522 1575 Sequitur
544 1490 737 1557 lectissimae
759 1494 937 1557 iuventutis
960 1491 1093 1570 chorus,
1117 1497 1294 1577 sequuntur
1318 1498 1350 1556 et
1369 1491 1466 1556 dicati
1548 1554 1551 1558 .

367 1631 485 1697 magno
516 1610 628 1697 Sarapi
658 1614 814 1678 tibicines.
848 1612 980 1691 „runo”
1014 1649 1056 1661 -
1080 1615 1149 1698 ipsa
1171 1614 1249 1678 haec
1271 1618 1346 1678 sunt
1369 1613 1465 1677 verba

370 1736 533 1819 scriptoris
565 1770 607 1782 -
640 1734 800 1812 „influunt
829 1736 941 1800 turbae
966 1737 1063 1801 sacris
1086 1736 1202 1800 divinis
1225 1737 1379 1813 initiatae,
1403 1736 1467 1800 viri

370 1856 569 1941 feminaeque
600 1859 704 1922 omnis
727 1857 893 1946 dignitatis
918 1864 950 1924 et
971 1860 1075 1924 omnis
1098 1858 1234 1924 aetatis’'
1248 1856 1285 1939 ²).
1310 1857 1400 1938 Quod
1420 1859 1465 1922 sic

370 1981 478 2057 vertit,
502 1979 677 2046 Betolaudo
701 1985 881 2066 praeeunte,
902 1979 1052 2046 Lafaeus:
1102 2023 1113 2050 .

416 2101 532 2180 „Alors
563 2104 693 2168 arrivait
716 2103 735 2167 a
758 2101 829 2167 dote
858 2101 981 2188 presses
1011 2100 1043 2167 la
1072 2099 1159 2167 faule
1190 2100 1244 2166 dee
1270 2099 1379 2166 initibe
1402 2121 1465 2166 aux

369 2222 475 2288 divine
497 2225 664 2310 mystdres,
688 2223 743 2289 des
764 2224 913 2290 hommes
939 2229 972 2289 et
994 2223 1049 2288 des
1071 2223 1206 2288 femmes
1228 2221 1267 2287 de
1289 2227 1361 2287 tout
1383 2243 1465 2308 reug

370 2351 402 2411 et
425 2346 463 2412 de
486 2351 558 2412 tout
582 2346 719 2432 Age¹'³),.
793 2382 797 2390 ·

413 2488 470 2532 nec
493 2467 628 2542 dubitat,
653 2471 729 2553 quin
752 2437 786 2533 re
809 2489 886 2534 vera
908 2470 1020 2555 magni
1037 2468 1090 2533 hio
1112 2469 1233 2533 mentio
1252 2468 1308 2533 fiat
1326 2468 1463 2532 numeri.

368 2588 487 2655 Verum
518 2593 546 2654 si
577 2590 822 2668 consideramus,
854 2589 1027 2677 Apuleium
1061 2593 1095 2654 in
1128 2592 1233 2656 maius
1264 2611 1313 2655 ree
1345 2610 1463 2676 augere

365 2732 561 2796 numeroque
595 2710 712 2796 plurali
743 2711 836 2778 valde
866 2711 1006 2799 gaudere
1018 2712 1062 2794 ⁴),
1096 2713 1201 2778 verbis
1235 2713 1328 2777 modo
1356 2711 1463 2777 allatis

366 2854 522 2920 magnum
545 2856 608 2899 nou
631 2834 809 2900 tribuemus
832 2843 1044 2912 momentum,
1065 2837 1252 2920 cautiusque
1270 2834 1377 2901 locum
1395 2857 1463 2901 esse

364 2959 612 3042 interpretatum
646 2957 682 3022 P.
717 2957 903 3023 Molonem
943 2959 1149 3036 censebimus,
1185 2978 1227 3024 eo.
1264 2956 1317 3036 „la
1350 2963 1462 3044 troupe

365 3081 466 3144 sainte
490 3079 544 3145 des
566 3078 697 3144 initids''
711 3080 747 3161 ⁵).
772 3080 878 3166 Atque
898 3080 1062 3146 commode
1081 3081 1118 3146 fit
1138 3087 1175 3146 ut
1194 3082 1373 3146 narratione
1394 3101 1464 3166 pro·

366 3200 503 3278 cedente,
535 3201 765 3267 documentum
797 3201 899 3280 detur,
932 3202 1008 3287 quid
1039 3202 1101 3267 sibi
1124 3202 1253 3267 tandem
1277 3200 1355 3268 velit
1378 3201 1462 3287 apud

367 3323 541 3409 Apuleium
560 3345 713 3389 numerus
732 3323 878 3409 pluralis.
898 3325 1021 3410 Nempe
1036 3324 1154 3390 Lucius
1166 3329 1336 3412 postquam
1348 3325 1461 3391 faeiem

365 3449 565 3531 recuperarit
588 3446 764 3511 humanam
788 3445 921 3532 „populi
943 3449 1102 3513 mirantur
1124 3485 1167 3496 —
1191 3453 1259 3514 tam
1282 3448 1462 3514 evidentem

364 3546 499 3634 maximi
521 3571 662 3634 numinis
681 3569 879 3655 potentiam''
893 3574 930 3649 ⁰),
949 3571 1026 3647 imo,
1046 3591 1121 3635 cum
1139 3572 1263 3656 agmini
1281 3571 1460 3656 permixtus

362 3691 513 3777 religioso
545 3693 719 3757 sacrarium
750 3693 968 3770 comitaretur,
999 3713 1130 3769 „omnes
1162 3695 1196 3758 in
1229 3692 1316 3772 me”,
1344 3697 1382 3757 ut
1406 3695 1461 3770 ait,

397 3845 421 3921 i)
437 3858 498 3908 Mer.
516 3857 558 3918 x1,
577 3859 601 3908 e.
788 3919 789 3924 η
850 3858 875 3920 a)
892 3857 953 3907 uas.
969 3857 1013 3917 ru,
1030 3859 1070 3908 10.

397 3941 421 4003 8)
439 3941 467 3990 (i.
482 3941 593 3998 Icarus,
611 3939 676 3989 Hist.
694 3940 716 3989 d.
734 3940 799 3990 culta
817 3940 858 3989 des
876 3940 924 3990 div.
943 3940 1036 3989 d'Alex.
1053 3956 1077 4005 p.
1095 3941 1152 3990 122.

395 4026 420 4086 4)
438 4024 475 4073 Gi.
493 4039 551 4088 eg.
575 4021 635 4073 Met.
653 4021 702 4083 111,
726 4023 759 4072 24
776 4039 846 4071 aures
869 4022 1048 4071 immodicis
1070 4022 1216 4088 horripilant
1239 4024 1402 4081 auctibns3
1429 4017 1461 4074 27

361 4101 451 4170 iustam
467 4105 560 4154 cunctis
583 4104 770 4164 vastiorem,
794 4102 836 4163 IV,
863 4104 895 4152 at
911 4104 974 4154 iuter
990 4109 1027 4154 tot
1044 4121 1073 4153 ac
1089 4105 1151 4155 tales
1167 4106 1275 4156 latrones
1292 4111 1316 4155 et
1337 4106 1465 4155 horren-

363 4188 432 4238 dum
457 4188 674 4252 gladiatorum
702 4186 866 4252 populum,
891 4185 919 4245 V,
944 4187 975 4235 15
999 4189 1110 4250 (sorores)
1131 4189 1274 4239 balnearum
1291 4186 1464 4253 vaporosis

362 4271 507 4320 fontibus
524 4277 629 4328 curatas,
646 4270 689 4330 VI,
706 4271 737 4320 15
754 4269 890 4319 libratis
906 4269 1036 4334 pinnarum
1052 4272 1191 4322 nutantium
1209 4273 1363 4323 molibus.

398 4357 421 4417 5)
437 4355 465 4404 P.
482 4354 642 4414 Moucusux,
660 4353 753 4420 Apulde
771 4353 897 4418 magicien,
912 4369 937 4418 p.
952 4354 999 4402 595
1005 4374 1012 4414 3
1028 4354 1129 4420 Apulis,
1142 4357 1237 4406 Roman
1246 4363 1270 4406 et
1279 4355 1358 4420 magis
1366 4370 1390 4419 p.
1400 4351 1463 4406 2¹19.

404 4439 429 4498 6)
445 4437 506 4486 Met.
524 4435 567 4496 XI,
586 4436 624 4485 18.
