3404 5368
904 1354 979 1444 aa.

432 1538 474 1604 nt
503 1538 637 1604 illorum
667 1537 834 1619 librorum,
866 1543 900 1604 in
928 1540 1045 1625 quibus
1069 1539 1122 1606 1161
1146 1542 1223 1604 66111
1248 1538 1415 1604 cuiusdam
1438 1539 1492 1604 vel

387 1663 491 1726 omnis
522 1663 648 1746 generis
678 1681 728 1725 res
758 1660 867 1725 ordine
893 1660 1093 1746 alphabetico
1117 1661 1290 1745 dispositae
1314 1681 1333 1725 a
1356 1660 1490 1725 diversis

385 1786 564 1847 tractantur
587 1784 804 1868 scriptoribus,
829 1785 911 1848 ratio
935 1783 1079 1848 habenda
1103 1787 1161 1862 est,
1183 1803 1257 1848 cum
1277 1804 1315 1847 ex
1333 1784 1374 1846 iis
1394 1801 1490 1866 quam

386 1905 526 1968 maxime
558 1924 716 1988 quaenam
745 1906 874 1968 omnino
907 1906 1051 1969 virorum
1075 1903 1244 1968 doctorum
1269 1905 1312 1968 sit
1335 1903 1373 1968 de
1396 1903 1491 1967 rebus

385 2027 502 2109 opinio,
533 2030 752 2110 cognoscatur.
785 2024 859 2090 Adii
885 2027 989 2111 igitur
1014 2023 1301 2111 Encyclopaediam
1324 2023 1436 2088 116611-
1459 2029 1491 2087 61

386 2143 630 2222 Grnberianam,
659 2146 714 2210 sed
739 2145 823 2230 nihil
848 2147 896 2211 ibi
918 2149 952 2210 in
976 2167 1052 2210 voce
1079 2145 1178 2222 „Isis”
1205 2145 1242 2209 de
1266 2143 1359 2209 Isidis
1381 2147 1492 2210 inveni
1522 2169 1524 2173 ·

386 2269 568 2353 mysteriis3
600 2266 665 2331 adii
697 2273 729 2332 et
760 2267 961 2345 Pauliacum,
994 2253 1049 2333 s'ed
1077 2269 1188 2333 vacuis
1212 2271 1243 2331 et
1265 2265 1339 2330 inde
1361 2265 1491 2330 discessi

386 2389 544 2453 manibus.
576 2387 700 2474 Quippe
720 2391 771 2454 vir
798 2389 1002 2454 doctissimus
1026 2386 1165 2454 Gnoacn
1189 2387 1226 2452 de
1251 2388 1345 2451 rebus
1368 2386 1488 2464 Isiacis,

386 2509 470 2594 quod
493 2509 532 2574 ad
555 2515 658 2575 cetera
682 2513 807 2588 attinet,
832 2513 957 2594 copiose
975 2511 1164 2594 disputavit,
1185 2508 1224 2573 de
1242 2509 1408 2594 mysteriis
1427 2529 1488 2571 non

383 2633 474 2694 item.
511 2630 627 2694 Paucis
661 2632 748 2695 enim
782 2633 972 2695 initiationis
1004 2632 1205 2696 caerimoniis
1239 2625 1357 2707 relatis,
1391 2630 1488 2695 verba

321 2773 324 2779 ·
383 2749 496 2815 laudat
518 2748 696 2835 Apuleiana
720 2799 737 2829 „
745 2751 869 2816 Accessi
891 2753 960 2816 etc''
985 2757 1081 2836 atque
1104 2773 1143 2816 ex
1166 2753 1207 2815 iis
1230 2753 1335 2816 nescio
1359 2771 1422 2835 qua
1442 2753 1490 2814 in-

383 2873 620 2955 terpretationis
652 2877 719 2936 arte
750 2870 847 2950 elicit,
880 2893 968 2938 sacra
993 2874 1027 2935 in
1050 2876 1141 2936 nocte
1165 2893 1298 2957 pompas
1323 2892 1389 2936 esse
1413 2869 1490 2936 cele·

385 2993 491 3057 bratas
521 2991 674 3077 adspectu
700 2991 848 3057 horribili
863 2990 896 3072 ¹).
931 2990 1044 3059 Cetera
1066 2992 1189 3071 lectori,
1213 2999 1250 3057 ut
1272 3014 1329 3077 pro
1354 2992 1488 3057 libidine

385 3113 448 3176 sibi
472 3111 579 3199 fingat,
604 3115 776 3198 permittit.

434 3234 529 3300 Plura
560 3235 597 3300 de
628 3237 793 3322 mysteriis
823 3238 857 3300 in
886 3235 1106 3302 dissertatione
1128 3235 1270 3322 legimus
1293 3235 1488 3322 inaugurali,
1518 3220 1520 3222 ,

388 3376 486 3441 quem
509 3355 568 3433 „de
586 3355 680 3420 Isidis
697 3357 781 3442 apud
798 3357 959 3422 Romanos
972 3356 1084 3422 cultu”
1098 3359 1285 3442 conscripsit
1296 3356 1488 3422 Reichelius.

387 3477 449 3556 Qui
470 3476 687 3563 Aegyptiacos
711 3480 792 3543 ritus
815 3500 889 3544 cum
914 3477 1043 3544 Graecis
1063 3479 1190 3556 ritibus,
1214 3477 1394 3564 Isidemque
1414 3499 1489 3542 cum

386 3595 499 3663 (161616
530 3619 726 3684 comparans,
759 3620 778 3664 a
809 3598 932 3666 Cereris
961 3600 1092 3685 quidem
1115 3600 1222 3666 teletis
1244 3599 1340 3687 longe
1364 3601 1489 3665 diversa

386 3719 514 3785 tendere
537 3718 637 3786 Isiaca
659 3720 797 3786 affirmat
820 3724 974 3806 mysteria
986 3721 1031 3802 ²):

433 3889 450 3919 „
465 3879 507 3888 —-
528 3861 615 3906 sacra
645 3843 741 3919 enim,
769 3863 849 3927 quae
872 3847 965 3907 antea
988 3845 1041 3927 pio
1067 3845 1173 3906 animo
1196 3842 1364 3907 observata
1387 3846 1486 3917 erant,

385 3966 418 4027 in
453 3965 550 4027 unius
584 3965 726 4027 numinis
761 3962 852 4028 cultu
882 3963 1200 4048 comprehenderunt,
1231 3969 1326 4047 atque
1356 3967 1487 4028 naturae

386 4088 553 4150 crescentis
574 4105 698 4170 semper
716 4087 899 4170 iterumque
920 4083 1094 4148 deficientis
1114 4089 1313 4150 constantem
1330 4085 1392 4149 sibi
1407 4083 1488 4148 ordi·

386 4227 457 4270 nem
491 4227 610 4270 numen
640 4227 707 4271 esse
739 4205 1008 4282 demonstrarunt,
1033 4227 1095 4290 quo
1118 4205 1201 4270 facto
1224 4205 1355 4270 deorum
1381 4203 1486 4268 cultus

421 4418 445 4479 1)
462 4417 525 4466 Ilus,
540 4417 620 4466 Pnun.
635 4424 695 4467 tom.
709 4415 751 4474 IV,
768 4432 792 4480 p.
805 4416 867 4465 2961
882 4416 1020 4474 „Wilrrend
1036 4417 1078 4466 der
1088 4417 1168 4467 Nacht
1177 4417 1344 4467 echeucrliche
1353 4413 1487 4479 Aufziigc.’'

419 4499 586 4560 61161666
604 4499 668 4563 apud
686 4498 807 4548 Romanos
825 4497 893 4546 cultu
911 4515 935 4563 p.
949 4500 980 4547 46
1000 4515 1035 4564 sq.
