3346 5376
847 505 891 571 90

322 709 402 774 quae
432 689 587 755 anemos
618 712 649 776 p.
683 688 727 755 56
758 690 903 757 adnotat:
936 691 1094 767 „Nomina
1121 690 1252 755 fortasse
1275 688 1417 767 deorum,

323 813 379 896 qui
408 813 442 874 in
471 831 544 896 pap.
576 809 625 875 W.
657 833 688 896 p.
721 812 752 875 3.
785 833 816 877 v.
844 811 885 876 13
902 812 925 892 ¹)
949 817 981 876 et
1003 833 1035 896 p.
1062 809 1111 874 15.
1139 833 1170 876 v.
1195 809 1313 886 8'(loo;
1336 815 1418 895 par.)
1494 859 1500 870 .

322 938 547 1011 memorantur,
568 942 601 998 et
620 905 661 999 ei
683 932 833 998 Basilidis
845 934 872 1014 ²)
895 933 1038 998 doctrina
1061 933 1203 998 ordinem
1226 931 1416 998 facultatum

322 1053 505 1120 divinarum
534 1055 718 1120 inferiorem
749 1055 995 1132 constituebant,
1027 1055 1065 1119 cf.
1098 1053 1361 1131 Marunaflist.
1387 1054 1418 1120 d.

289 1223 291 1228 ·
323 1173 435 1242 Gnost.
460 1182 538 1241 tom.
563 1175 604 1252 ΙΙ,
628 1199 659 1262 p.
686 1176 762 1242 46”.
787 1174 1008 1242 Christianum
1029 1197 1104 1241 vero
1126 1178 1313 1261 scriptorem
1332 1196 1419 1261 mys·

322 1299 401 1362 ticas
434 1299 572 1364 visiones
603 1298 695 1363 nihil
718 1319 785 1364 esse
815 1301 1008 1375 existimare,
1039 1300 1102 1363 nisi
1132 1296 1266 1364 Satanae
1294 1296 1419 1362 daemc

321 1440 464 1504 numqua
487 1419 628 1498 insidias,
653 1442 714 1485 non
739 1423 870 1486 mirum.

366 1540 409 1606 Et
429 1562 508 1628 opus
527 1540 609 1606 illud
628 1543 833 1607 notissimum
854 1542 913 1620 „de
932 1544 1095 1629 mysteriis
1112 1539 1416 1628 Aegyptiorum’'³),

320 1662 404 1748 quod
427 1661 597 1728 Iamblichi
619 1663 720 1728 fertur
739 1663 932 1750 philosophi,
955 1684 1073 1749 magno
1088 1663 1184 1728 nobis
1204 1668 1253 1727 est
1265 1661 1416 1728 subsidio.

321 1784 523 1870 Quamquam
546 1785 605 1850 hoc
629 1788 790 1851 monitum
815 1784 915 1852 velim
940 1784 1110 1850 candidum
1131 1783 1294 1862 lectorem,
1319 1785 1415 1848 nain
1479 1828 1483 1842 .

319 1904 412 1983 libre,
444 1909 496 1971 cui
527 1927 637 1972 revera
668 1906 785 1972 titulus
817 1909 991 1993 inscriptus
1014 1912 1062 1972 est
1085 1904 1294 1983 ’Λβάμμωνος
1318 1904 1420 1970 διδασ-

320 2027 419 2092 κάλου
450 2028 521 2108 πρὸς
554 2032 608 2102 τὴν
638 2029 807 2110 Πορφυρὶου
832 2029 903 2108 πρὸς
928 2027 1047 2105 Ἀνεβὼ
1072 2029 1235 2102 ἐπιστολὴν
1258 2026 1416 2107 ἀπόκρισις

320 2147 373 2213 καὶ
404 2151 462 2214 τῶν
493 2150 522 2214 ἕν
554 2152 634 2233 αὐτῇ
665 2148 872 2231 cccccccccc
902 2150 1017 2228 λύσεις,
1041 2151 1239 2237 Aegyptiace
1261 2151 1417 2236 mysteria

320 2273 360 2337 ab
382 2273 475 2336 initio
499 2272 658 2337 adfinem
682 2275 797 2358 exponi
820 2277 920 2358 putet.
953 2273 1152 2359 Porphyrius
1176 2273 1262 2336 enim
1281 2270 1418 2356 philoso-

319 2393 402 2480 phus
425 2395 460 2456 in
480 2393 618 2478 epistula
636 2394 676 2458 ad
696 2395 880 2460 Anabonem
900 2393 1096 2458 sacerdotem
1115 2395 1213 2458 missa
1230 2414 1292 2457 non
1311 2391 1420 2462 solum.

320 2513 358 2579 de
393 2515 592 2600 Aegyptiace
624 2514 788 2602 religione,
821 2515 876 2580 sed
907 2518 1005 2580 etiarn
1035 2515 1073 2579 de
1097 2515 1265 2600 theurgica
1288 2516 1425 2578 omnino

319 2635 488 2721 disciplina
506 2638 660 2722 quidnam
680 2638 739 2703 sibi
761 2638 891 2703 tandem
906 2637 1013 2722 vellet,
1028 2642 1204 2724 rogaverat.
1236 2637 1417 2704 Abammon

318 2763 440 2834 autam·
463 2759 522 2825 sub
547 2781 608 2844 quo
631 2763 760 2825 nomine
783 2759 1030 2845 Neoplatonious
1055 2763 1160 2826 nescio
1186 2762 1257 2846 quis
1279 2759 1424 2845 philoso.

318 2879 411 2964 phua,
443 2879 498 2944 sed
521 2902 584 2945 non
606 2883 675 2966 ipse
699 2880 779 2946 latet
803 2880 998 2946 lamblichus
1012 2882 1049 2963 Ι),
1072 2881 1150 2946 dum
1174 2885 1371 2967 quaestiones
1396 2893 1417 2948 a

318 3000 497 3088 Porphyrio
520 3004 638 3088 positas
658 3023 696 3066 er
716 3003 825 3068 ordine
846 3002 968 3068 solvere
987 3009 1129 3081 conatur,
1150 3003 1187 3068 ds
1206 3003 1415 3090 Aegyptiacis

318 3143 444 3208 quoqne
460 3123 554 3188 rebus
572 3123 728 3208 quaedam
743 3126 777 3188 in
794 3124 939 3188 medium
956 3125 1075 3209 profert
1091 3146 1148 3190 nec
1159 3124 1219 3189 fide
1230 3125 1363 3210 indigna
1376 3127 1414 3209 ⁵),

319 3265 376 3308 nec
406 3265 424 3308 a
454 3246 615 3329 proposito
647 3250 754 3310 nostro
785 3245 898 3311 alisna.
935 3245 988 3311 Sic
1018 3249 1050 3310 in
1082 3252 1157 3311 sect.
1189 3246 1257 3324 Vll,
1289 3247 1414 3339 ubido

319 3363 497 3450 symbolica
527 3365 765 3450 Aegyptiorum
795 3365 956 3454 theologia
987 3367 1139 3452 disputat,
1171 3369 1336 3446 adsociare
1361 3391 1414 3454 op

317 3489 408 3573 ponit
438 3487 604 3568 καινοτέρας
637 3489 747 3569 εὐχὰς,
777 3491 820 3555 ib.
845 3488 876 3555 3.
909 3491 1056 3570 adrepto
1086 3495 1205 3569 autem,
1229 3497 1267 3556 ut
1290 3492 1351 3577 §Q
1376 3498 1420 3559 ut,

322 3657 491 3668 ——-

354 3751 377 3812 1)
401 3749 454 3798 Lib.
481 3763 561 3813 apocr.
589 3749 670 3808 Maia,
696 3765 720 3814 p.
747 3748 802 3807 lta,
827 3750 856 3798 11
882 3765 916 3813 sq.
941 3750 1024 3810 λαβὼν
1049 3747 1146 3798 σινδόνα
1170 3747 1274 3810 καθαρὰν
1291 3747 1414 3812 tappetae

318 3837 395 3895 κρσσῷ
414 3832 474 3888 τοὺς
491 3831 543 3896 τξε’
562 3829 638 3888 θεοὺς.

351 3914 375 3976 2)
401 3913 534 3962 Basilidem
561 3913 586 3962 in
611 3914 721 3976 Aegypto
749 3913 898 3962 habitavisse
921 3913 1048 3977 multaque
1074 3930 1101 3962 ex
1125 3913 1275 3978 Aegyptiace
1297 3912 1414 3976 religione

318 3998 477 4062 desumpsisse
503 3997 580 4046 fusius
606 3998 717 4061 exposuit
744 3995 908 4055 Audnmnnu,
935 3997 986 4046 Eas.
1014 4014 1032 4046 s.
1058 3998 1081 4046 le
1104 3999 1188 4047 Gnost.
1212 3996 1299 4062 e‘gypt.‚
1324 4013 1347 4061 p.
1371 3995 1411 4054 78,

318 4081 460 4138 lea-lta
480 4081 510 4130 cs.
528 4085 553 4128 et
570 4095 594 4144 p.
613 4079 751 4128 loa-112.
778 4078 811 4128 Et
827 4078 917 4127 Isidem
934 4095 1022 4142 magno
1040 4080 1153 4129 habuisse
1170 4081 1260 4130 honore
1278 4079 1413 4128 Basilidem

316 4163 355 4212 vel
372 4163 428 4211 inde
446 4165 555 4227 apparet,
573 4162 637 4226 quod
654 4161 704 4210 filio
722 4177 809 4210 nomen
828 4161 916 4209 indidit
933 4161 1036 4211 Isidoro.

352 4244 375 4306 3)
399 4244 471 4292 Hunc
487 4260 572 4308 nempe
590 4243 691 4292 titulum
708 4243 800 4292 latinae
817 4241 875 4290 libri
892 4241 997 4290 versioni
1016 4242 1189 4308 inscripserunt
1207 4242 1332 4292 Marsilins
1351 4241 1413 4290 uici-

317 4342 362 4375 nus
380 4333 404 4374 et
420 4326 470 4375 Nn·
486 4327 625 4375 Scutellius.

350 4411 375 4471 4)
393 4407 430 4458 Of.
449 4409 558 4468 Zenona,
575 4410 621 4458 Die
638 4410 703 4459 Phil.
721 4410 744 4458 d.
763 4409 828 4466 Gr.²‚
847 4413 905 4456 tom.
925 4407 972 4467 111,
990 4416 1053 4473 part.
1071 4410 1093 4459 2.
1110 4427 1135 4474 p.
1153 4411 1200 4462 715
1219 4409 1274 4458 adn.
1292 4408 1327 4471 Ι).

353 4494 376 4554 b)
393 4484 561 4552 Ct'Gaurru,
579 4493 624 4542 Die
642 4493 731 4558 grieoh.
749 4491 820 4541 Culte
837 4507 861 4541 n.
879 4491 989 4556 Mythen,
1009 4497 1067 4542 torn.
1085 4493 1105 4542 Ι.
1123 4509 1146 4557 p.
1164 4493 1220 4542 444.
