3346 5376
678 501 741 565 125

163 682 224 748 Sec.
244 682 303 767 Ep.
317 681 385 759 VII,
405 678 466 747 27:
489 680 616 768 „Igitur
634 703 788 767 perquam
807 682 907 748 velim
931 685 1019 760 scire,
1045 693 1113 749 esse
1133 679 1255 771 aliquid

162 805 380 889 phantasmata
413 808 445 868 et
476 803 591 868 hebere
622 806 783 890 propriam
815 804 954 890 figuram
984 828 1166 892 numenque
1199 807 1256 873 ali-

162 925 240 1010 quod
271 931 366 1011 putes
398 947 437 990 an
467 927 596 991 inanem
628 930 660 990 et
683 927 804 991 variam
830 948 867 991 ex
892 933 982 992 metu
1006 935 1116 994 nostro
1139 932 1254 1015 imagi-

160 1068 230 1112 nem
249 1047 421 1132 accipere.'’
442 1045 528 1118 Tert.
549 1045 641 1131 Apol.
663 1045 723 1110 23:
746 1050 856 1134 „magi
876 1048 1099 1133 phantasmata
1111 1049 1208 1115 edunt
1221 1057 1255 1116 et

158 1171 220 1234 iem
251 1168 475 1233 defunctorum
510 1167 683 1234 inclament
710 1169 865 1235 animas.’'
897 1169 968 1234 Non
992 1172 1112 1235 mirum
1137 1173 1251 1258 igitur,

160 1311 231 1354 cum
261 1288 371 1354 eadem
409 1287 473 1353 fere
507 1291 572 1352 sint
602 1289 832 1375 significatione
864 1290 984 1369 φάσμα
1007 1297 1039 1356 et
1060 1293 1252 1370 φάντασμα,

159 1410 316 1476 interdum
342 1430 379 1474 ee
401 1411 486 1474 inter
508 1431 541 1474 se
565 1413 751 1495 permutari,
784 1411 823 1475 cf.
848 1410 931 1476 Plat.
964 1411 1083 1477 Phaed.
1114 1433 1149 1498 p.
1171 1410 1251 1478 81d:

160 1535 266 1613 ψυχῶν
285 1533 414 1607 σκιοειδη
434 1531 655 1613 φαντάσματα
671 1530 696 1612 ¹)
719 1553 747 1598 a.
768 1531 790 1596 l.
816 1533 991 1611 φάσματα,
1014 1535 1067 1598 Ps.
1092 1533 1179 1599 Plut.
1203 1533 1250 1600 De

160 1655 233 1743 plac.
267 1653 346 1741 phil.
378 1653 436 1737 III,
469 1653 529 1718 18:
561 1654 714 1726 δοκοῦντος
739 1659 791 1718 τοῦ
816 1654 987 1735 φάσματος
1013 1663 1066 1734 (sc.
1093 1663 1146 1728 της
1171 1653 1250 1738 άλω)

160 1778 302 1862 γίνεσθαι,
328 1798 356 1842 a.
381 1776 403 1843 l.
426 1776 667 1856 φαντάσματος,
693 1777 732 1841 cf.
757 1775 865 1842 Durus.
890 1777 970 1842 Dox.
997 1775 1053 1844 Gr.
1078 1801 1109 1864 p.
1131 1777 1250 1844 384.1.

160 1899 207 1964 12.
243 1899 297 1964 Sic
321 1899 407 1964 Plut.
432 1921 557 1986 quoque
580 1900 641 1986 frg.
667 1899 779 1963 de'an.
805 1898 824 1964 2
850 1905 882 1964 et
905 1897 1145 1978 perserperet
1167 1901 1247 1988 legi-

159 2027 207 2084 tur
238 2029 270 2087 et
301 2019 491 2102 φασμάτων,
524 2020 579 2086 sed
610 2023 723 2106 recipit
746 2022 806 2086 hoc
829 2021 1071 2100 Burmannus,
1096 2025 1248 2108 quoniam

159 2142 230 2208 elios
265 2143 350 2228 apud
384 2129 551 2228 scriptores
586 2142 747 2223 φάσματα
782 2141 982 2208 Eleusiniaca
1016 2150 1246 2208 memorantur.

161 2264 235 2330 Utut
266 2266 343 2329 haec
375 2285 441 2329 sese
474 2265 601 2341 habent,
633 2267 674 2328 iis
702 2263 790 2340 loeis,
816 2264 881 2342 ubi,
907 2285 987 2348 quae
1011 2268 1060 2329 vis
1085 2268 1155 2330 voci
1178 2267 1249 2340 sub-

158 2388 234 2451 iecta
270 2388 322 2463 sit,
357 2386 542 2471 ambigitur,
576 2384 839 2472 significationem
871 2388 1016 2449 omnium
1046 2389 1250 2452 inusitatissi-

158 2529 239 2572 mam
259 2509 488 2571 usitatissimae
503 2504 674 2591 'praeferre
695 2505 922 2592 llleusiniaque
942 2507 1103 2586 φάσματα
1125 2513 1247 2572 statuas

157 2629 249 2695 fuisse
282 2629 414 2693 deorum
442 2632 486 2693 sio
510 2635 629 2694 temere
653 2628 808 2694 affirmare
832 2650 893 2693 non
917 2631 1031 2696 ausim.
1068 2628 1116 2694 Ne
1139 2635 1247 2694 tamen

156 2775 219 2818 rem
241 2755 276 2816 in
299 2754 418 2817 incerto
442 2750 660 2836 relinquamus
683 2751 802 2831 φάσμα
825 2751 978 2836 quidnam
1000 2753 1033 2815 in
1057 2773 1090 2816 re
1110 2755 1249 2838 mystice

154 2875 208 2938 sibi
238 2872 389 2950 voluerit,
414 2871 585 2958 diligenter
608 2875 837 2937 examinemus.
871 2873 916 2936 Ac
939 2871 1007 2937 loco
1034 2873 1164 2957 quidem
1186 2872 1244 2938 illo

155 2997 317 3060 notissimo
341 2987 390 3078 ep.
416 2992 507 3058 Dion.
533 2991 698 3080 Chrysost.
726 2991 812 3058 Orat.
834 2993 886 3071 IV,
908 3015 938 3078 p.
962 2992 1246 3058 meetseren:

156 3117 288 3180 εἰώθασιν
322 3113 388 3179 ἔνιοι
425 3123 482 3180 τῶν
520 3115 587 3194 περ)
624 3116 682 3187 τάς
719 3117 852 3186 τελετάς
886 3117 937 3179 καὶ
972 3117 1014 3179 τά
1046 3115 1246 3194 καθάρματα,

155 3244 247 3314 μηνιν.
266 3237 406 3311 Ἑκάτης
439 3237 639 3313 ἱλασκόμενοί
669 3261 704 3300 τε
736 3239 787 3302 καὶ
815 3236 941 3314 ἐξάντης
966 3235 1141 3317 φάσκοντες
1166 3236 1248 3311 τοιά-

156 3383 223 3438 σειν,
256 3356 376 3438 ἔπειτα,
408 3354 503 3437 οἶμαι,
535 3359 699 3439 φάσματα
732 3357 835 3423 πολλά
867 3357 919 3422 καὶ
952 3359 1079 3422 ποικίλα
1111 3357 1165 3438 πρὸ
1190 3364 1247 3422 τῶν

156 3484 315 3562 ιιαάαμμῶν
335 3479 530 3559 ἐξηγούμενοι
551 3482 602 3547 καὶ
624 3481 855 3559 ἐπιδεικνύντες,
875 3475 923 3545 οἷά
944 3487 1041 3560 φασιν
1062 3481 1247 3555 ἐτιτὲμτειν

156 3603 342 3683 χολουμένην
367 3603 421 3677 την
444 3603 517 3681 istc,
542 3623 604 3668 vox
629 3602 833 3683 ,,φάσματα”
855 3609 977 3690 spectra
998 3624 1066 3668 esse
1085 3601 1245 3679 vertenda,

156 3748 245 3792 nemo
280 3748 341 3792 non
375 3726 465 3792 videt
471 3748 480 3804 ;
518 3732 641 3811 spectra
671 3728 757 3791 enim
787 3729 963 3791 immittere
995 3726 1114 3791 Hecate
1145 3725 1245 3820 vulgo

156 3850 354 3930 credebatur;
379 3848 418 3912 cf.
444 3869 523 3932 quae
547 3848 564 3931 ᾗ
591 3847 631 3911 14
655 3869 686 3932 p.
712 3846 754 3911 68
779 3847 816 3911 de
840 3846 1008 3912 Hecataeis
1028 3850 1124 3911 sacris
1144 3847 1247 3911 obser·

157 3972 313 4034 ravimus.
356 3967 420 4033 Nec
455 3966 635 4032 simulacris
669 3988 707 4031 ex
742 3965 831 4054 ligno
866 3967 1025 4044 confectis,
1062 3967 1116 4032 sed
1150 3966 1246 4055 longe

156 4091 223 4156 aliis
242 4092 425 4177 praestigiis
444 4091 588 4155 homines
608 4088 829 4175 simpliciores,
852 4091 907 4174 qui
927 4090 1019 4156 hasce
1031 4097 1247 4176 susceptarent

156 4213 276 4291 teletas,
306 4233 420 4299 magos
451 4213 619 4298 decepisse,
653 4212 726 4277 data
758 4231 852 4298 opere
875 4215 1023 4297 exposuit
1047 4211 1248 4300 Hippolytus

161 4381 330 4390 —.—.—-

190 4470 445 4534 enucleationem
463 4471 539 4534 magis
556 4471 643 4536 probet
659 4473 712 4520 Ast.
729 4469 793 4520 Plat.
812 4470 931 4534 Optem.
950 4469 992 4529 xl,
1010 4487 1034 4535 p.
1053 4471 1100 4520 636
1119 4487 1154 4536 sq.
