3346 5376
693 1429 717 1516 q
735 1427 786 1495 re.

295 1607 374 1673 Por
404 1611 541 1674 omnia
570 1615 718 1676 vectus
749 1611 957 1678 elementa
987 1617 1180 1679 remeavi.

236 1790 336 1870 Haec,
360 1791 444 1877 quod
469 1793 579 1870 sciam,
603 1813 620 1857 e
643 1792 821 1880 philologis
843 1813 937 1859 nemo
960 1793 1015 1859 vel
1038 1793 1211 1879 explicavit
1233 1815 1291 1860 un·

193 1933 289 1998 quam
319 1911 373 1978 vel
403 1911 561 1998 explicare
592 1920 724 1979 conatus
755 1921 814 1979 est.
849 1913 926 1991 Nec,
957 1935 1037 2000 quoe
1068 1915 1107 1980 dc
1128 1921 1196 1981 toto
1219 1915 1288 1982 loco

194 2037 402 2113 coniecerunt,
422 2034 475 2100 hic
495 2033 668 2120 quidquam
693 2035 829 2100 afferunt
848 2035 1069 2102 emolumenti.
1104 2036 1180 2104 Sive
1203 2040 1289 2102 enim

193 2157 289 2222 verba
320 2155 497 2242 Apuleiana
527 2155 567 2221 od
596 2157 751 2222 scenicam
784 2156 948 2241 quandum
979 2157 1097 2223 referas
1120 2160 1287 2236 actionem,

194 2281 262 2344 sive
285 2277 325 2342 ad
349 2278 403 2350 τὴν
428 2283 486 2341 πῶν
509 2276 674 2354 συμβόλων
698 2275 799 2355 δεῖξιν,
823 2282 907 2343 certe
930 2277 1057 2343 fatearis
1080 2271 1206 2344 necesse
1229 2285 1287 2357 cst,

192 2421 254 2464 non
282 2399 362 2464 bene
385 2403 418 2464 te
439 2397 633 2486 intelligere,
658 2397 817 2484 quomodo
839 2400 988 2464 initiatus
1010 2419 1067 2484 per
1089 2397 1198 2465 omnia
1220 2419 1289 2466 vec

193 2526 245 2585 tus
271 2522 315 2585 eit
337 2519 504 2586 elemento.
538 2519 651 2606 Itaque
673 2519 843 2607 legionarii
866 2541 941 2586 cum
963 2541 1026 2586 non
1049 2519 1288 2600 debellaverint,
1358 2577 1360 2582 ,

193 2639 370 2706 arcessendi
392 2647 468 2706 sunt
489 2640 668 2707 auxiliares.
692 2640 757 2707 Nec
780 2640 934 2707 detrectat
953 2640 1107 2706 militiam
1125 2659 1169 2708 uu
1188 2639 1288 2721 Psnn,

194 2764 474 2848 quaestionemque
502 2761 595 2828 facile
626 2761 778 2848 explicari
801 2764 895 2848 posse
917 2763 1090 2830 contendit.
1124 2763 1249 2849 Nempe
1272 2784 1291 2830 a

193 2884 337 2949 sensibus
368 2882 523 2949 alienatos
552 2905 589 2950 eo
619 2884 807 2970 quandoque
837 2905 905 2950 esse
934 2887 1073 2970 corporis
1104 2885 1290 2964 habitunt

193 3007 268 3091 igne
297 3026 361 3070 non
392 3004 567 3084 laedentur,
590 3025 672 3091 aqua
695 3026 758 3070 non
780 3011 979 3092 mergantur,
1004 3007 1148 3092 quinimo
1169 3011 1208 3071 ut
1231 3026 1288 3091 per

194 3131 265 3191 aira
297 3127 457 3191 ferantur:
492 3127 568 3212 hoec
598 3131 631 3199 et
660 3125 797 3210 Apuleio
827 3146 915 3192 sacra
946 3128 981 3190 in
1010 3131 1102 3192 nocte
1133 3128 1284 3193 evenisse.

195 3246 303 3333 Neque
334 3247 469 3313 dubium
499 3253 548 3313 est
570 3248 721 3333 profecto,
746 3249 832 3332 quin,
857 3253 895 3312 ut
916 3252 1025 3312 nostre
1048 3252 1161 3326 aetate,
1186 3250 1231 3312 sic
1254 3252 1286 3312 et

195 3370 333 3453 antiquis
356 3370 554 3462 temporibus
577 3368 675 3434 multi
696 3368 853 3434 eiusmodi
874 3367 1037 3434 miraculis
1056 3369 1152 3434 fidem
1171 3369 1287 3434 habue-

194 3492 265 3554 rint.
301 3488 372 3575 Ipse
406 3508 450 3554 nu
479 3491 579 3568 Peru,
610 3489 670 3554 Die
702 3487 831 3576 Mystilr
863 3489 919 3554 der
947 3489 1034 3555 alten
1065 3488 1223 3556 Griechen
1254 3512 1285 3576 p.

196 3610 258 3676 116
272 3610 308 3692 ¹).
340 3612 572 3676 Abammonem
601 3611 731 3676 adhibet
762 3616 889 3688 testem,
921 3611 978 3690 III,
1011 3611 1049 3675 4:
1082 3612 1189 3676 πολλοὶ
1222 3611 1285 3690 γὰρ

194 3737 248 3812 (ec.
278 3733 494 3812 ἐνθουσιῶντες)
525 3730 577 3795 καὶ
610 3731 699 3812 πυρὸς
731 3731 973 3812 προσφερομένου
996 3732 1029 3796 οὐ
1052 3731 1201 3809 καίονται,
1226 3732 1285 3812 οὐχ

195 3851 366 3924 ἁπτομένου
398 3857 452 3918 ποῦ
475 3853 566 3930 πυρὸς
590 3851 690 3916 αὐτῶν
715 3850 765 3916 διὰ
789 3853 844 3926 τὴν
867 3853 950 3918 θείαν
975 3852 1151 3916 ἐπίπνοιαν·
1176 3851 1284 3917 πολλοὶ

195 3973 224 4038 δὲ
246 3975 397 4052 καιόμενοι
420 3975 473 4038 οὖν
496 3971 796 4050 ἀντιλαμβάνονται,
819 3971 894 4037 διδπι
917 3976 951 4038 οὐ
970 3975 1024 4048 τὴν
1044 3978 1097 4038 ποῦ
1118 3971 1189 4052 (dou
1209 3972 1285 4054 ζωὴν

195 4096 279 4178 ζῶσιν
312 4101 493 4172 τηνικαῦτα.
525 4132 568 4144 -
600 4091 639 4160 αἵ
664 4118 699 4158 πε
730 4093 877 4173 ἐνέργειαι
909 4095 1009 4160 αὐτῶν
1040 4094 1178 4172 οὐδαμῶς
1209 4093 1286 4160 εἰσιν

197 4248 364 4258 u————-

226 4323 250 4384 1)
271 4323 309 4374 ot.
331 4330 356 4373 et
379 4322 486 4372 eiusdem
502 4319 627 4384 scriptoria
644 4318 761 4378 „Studien
778 4335 822 4368 ens
840 4319 895 4368 dem
912 4319 1012 4369 Gebiete
1030 4319 1073 4370 der
1089 4319 1286 4370 (leheimvviseen-

194 4404 325 4464 schelten’',
348 4411 407 4454 tom.
430 4404 451 4460 Ι,
474 4419 498 4468 p.
522 4402 561 4459 le,
585 4401 625 4459 22,
649 4399 706 4449 lte.
729 4399 856 4464 Quaedam
878 4417 907 4450 ex
930 4402 978 4451 hoa
994 4401 1056 4451 libre
1074 4401 1099 4450 in
1117 4417 1198 4451 meum
1214 4415 1285 4450 naum

197 4488 310 4538 converti.
