3404 5368
884 499 925 564 66

358 683 446 750 Plut.
470 683 543 769 Frg.
570 683 607 748 de
631 703 680 748 arr.
702 681 740 746 2:
769 681 825 761 πρὸ
848 685 901 745 τοῦ
923 679 1028 752 τέλους
1051 683 1144 746 edred
1167 681 1207 745 τοδ
1229 681 1310 746 δεινοὶ
1331 681 1446 760 ποίντοι,

361 806 452 887 Φρίκν
477 807 528 870 nol
553 804 660 883 τρίμος
685 802 736 866 eccl
762 802 844 881 ἱδρὼς
870 801 920 866 eet
946 801 1078 881 ίοίμβος,
1110 801 1157 866 De
1180 803 1259 887 prof.
1284 805 1359 868 virt.
1387 802 1447 868 10:

359 929 385 993 οἱ
420 927 594 1003 τελούμενοι
630 963 672 976 -
707 923 858 1005 δρωμένων
893 923 924 989 δέ
958 925 1007 990 nal
1042 925 1235 1002 δεικνυμένων
1266 925 1324 991 τῶν
1357 925 1448 1004 ἱερῶν,

360 1050 558 1130 προσέχουσιν
590 1047 643 1124 ἤδη
675 1048 759 1124 μετὰ
788 1046 889 1126 φόβου
921 1051 974 1111 nel
1007 1055 1132 1125 σιωπῆς,
1164 1045 1210 1112 De
1241 1047 1300 1112 fac.
1324 1049 1357 1110 in
1383 1047 1447 1111 orb.
1496 1089 1505 1108 .

358 1169 430 1240 lun„
451 1169 511 1235 28:
543 1165 608 1234 οίοιν
631 1169 686 1250 (sc.
710 1168 827 1248 χοιροδν)
851 1169 876 1232 ol
900 1168 1074 1243 τελούμενοι
1095 1167 1372 1247 μοίλιστοοίοριίβω
1396 1167 1448 1231 ecl

362 1297 488 1368 πτοήσει
512 1290 761 1370 συγκεκραμένον
783 1293 854 1368 μετ’
875 1289 995 1361 ἐλπίδος
1016 1289 1117 1364 ἡδείονς
1139 1289 1254 1371 έχουσι,
1273 1291 1375 1375 iisque
1396 1293 1451 1376 qui

361 1414 466 1480 teletis
498 1417 617 1478 muniti
646 1421 710 1477 non
740 1417 853 1488 essent,
885 1433 1013 1498 prorsus
1043 1414 1238 1498 perniciosus
1262 1411 1449 1500 habebatur,

363 1536 486 1602 Aelian.
517 1536 592 1621 Frg.
627 1534 700 1612 143,
731 1535 790 1599 nd.
822 1535 992 1600 Horonon:
1035 1537 1124 1613 Ἀνὴρ
1155 1536 1261 1616 λίχνον
1284 1533 1374 1610 ὅμμω
1398 1533 1448 1597 νομί

363 1658 498 1735 ἀσελγές
531 1658 654 1722 πιοιίνων
686 1667 764 1737 κοινῇ
799 1657 953 1735 ἕοτιοίσει,
977 1657 1019 1722 rel
1042 1665 1097 1732 τῆς
1123 1659 1337 1739 Φεβρεφοίττιρς
1363 1652 1450 1736 έργιο

365 1778 489 1857 ἐδίψησε
524 1778 702 1856 ίεοίσοοσίοοι,
739 1778 906 1849 ἀτέλεστος
941 1776 987 1860 ὤν,
1024 1777 1075 1841 κοί
1111 1779 1152 1841 τὰ
1189 1780 1245 1856 μέν
1279 1785 1383 1857 πρῶτοι
1418 1779 1452 1842 ci

365 1901 467 1980 ἱέρειαι
502 1901 656 1981 ἐπειρῶντο
691 1900 782 1965 αὐτὸν
819 1898 960 1981 προοξίνειν
994 1899 1045 1964 nal
1081 1898 1223 1979 οίντέχειν
1258 1906 1312 1972 τῆς
1348 1901 1451 1977 ὁρμῆς.

364 2022 475 2099 βιοιίως
505 2023 535 2087 δὲ
568 2021 618 2086 eol
651 2021 809 2099 οδτένκτως
841 2020 1084 2102 διοικειμένουέ),
1116 2023 1173 2086 τῶν
1203 2021 1258 2098 μὲν
1281 2022 1453 2102 ἀπορρήτων

367 2143 417 2208 xci
443 2134 464 2208 οδ
496 2144 539 2218 μὴ
572 2142 643 2208 ἰδεῖν
674 2145 746 2220 λῷον
778 2139 821 2221 ἦν,
853 2143 964 2207 τούτων
994 2143 1046 2207 οὐκ
1077 2141 1240 2206 ἐκοινώνουν
1273 2142 1314 2206 οἱ·
1340 2149 1396 2207 τῶν
1421 2143 1452 2208 δέ

366 2266 488 2346 πρώτων
500 2263 527 2347 ⁹)
558 2265 608 2329 acl
626 2263 669 2342 ’ἐξ
691 2261 728 2330 ὧν
752 2263 820 2330 οὔτε
844 2273 906 2336 τοῖς
932 2265 1127 2340 ίεοοσοιμένοις
1148 2265 1216 2331 οὔτε
1236 2272 1298 2336 τοῖς
1321 2264 1454 2343 δείξωσιν

366 2385 480 2462 ἔμελλέ
511 2410 539 2451 τι
572 2385 802 2459 decertaretur
826 2385 927 2461 δεινόν,
954 2385 1101 2466 παρεῖχέν
1124 2387 1149 2450 οί
1174 2385 1304 2463 βλέπειν
1328 2391 1453 2470 ποιῖιτοι;

365 2509 510 2594 quodque
542 2507 673 2572 deorum
704 2510 832 2572 nomina
855 2528 966 2572 aroana
989 2507 1114 2574 silentio
1139 2510 1363 2593 premebantur
1384 2509 1455 2574 reli-

365 2634 464 2718 gioso,
497 2629 535 2695 cf.
569 2629 701 2706 Μεῖνον,
729 2629 815 2693 Hist.
840 2628 870 2692 d.
894 2628 950 2693 rel.
974 2628 1004 2691 d.
1028 2628 1050 2692 l.
1078 2626 1133 2694 Gr.
1157 2635 1231 2706 ant,
1256 2636 1332 2694 torn.
1356 2629 1397 2707 II,
1421 2652 1452 2715 p.

366 2751 431 2817 300
464 2751 535 2816 adn.
568 2751 611 2832 3),
645 2773 701 2816 nec
732 2754 834 2816 maior
863 2773 1005 2837 unquam
1037 2753 1280 2817 Atheniensium
1305 2759 1370 2818 erat
1393 2755 1451 2830 ira,

366 2895 461 2958 quam
492 2875 518 2938 si
549 2875 703 2960 mysteria
727 2873 896 2960 divulgata
920 2895 987 2938 esse
1011 2875 1259 2959 suspicabantur,
1286 2875 1325 2939 cf.
1350 2874 1393 2938 H.
1418 2872 1451 2938 S.

366 2995 489 3072 Aurora,
513 2993 573 3060 Die
596 2994 696 3081 Myst.
721 3017 782 3060 von
806 2994 925 3071 Eleus,
949 3016 979 3080 p.
1004 2995 1024 3060 2
1048 3017 1093 3080 sq.

412 3117 459 3182 De
482 3138 642 3182 sacrorum
666 3116 774 3182 ordine
797 3137 831 3181 cc
853 3119 976 3182 rat-ione
999 3117 1156 3192 vidimus3
1179 3138 1272 3193 nunc,
1296 3118 1367 3202 quis
1390 3137 1454 3182 sco-

366 3259 427 3323 pus
462 3239 559 3303 fuerit
592 3259 627 3304 oc
657 3237 738 3314 finis,
771 3239 947 3304 videamus.
984 3239 1073 3318 Quod
1104 3245 1211 3304 autem
1243 3239 1281 3304 ad
1311 3241 1453 3324 magiam

369 3359 493 3434 attinet,
532 3379 601 3422 rom
630 3361 739 3443 paucis
771 3358 933 3424 absolvere
963 3358 1047 3424 licet.
1089 3359 1212 3445 Nempe
1243 3361 1282 3425 ad
1312 3364 1454 3448 magicas

369 3485 451 3544 artes
480 3478 624 3543 homines
654 3479 852 3564 confugiunt,
885 3486 921 3543 ut
944 3479 1052 3543 futura
1074 3486 1288 3565 praenoscant,
1312 3489 1350 3546 ut
1371 3503 1455 3547 mor-

368 3601 424 3664 bos
456 3599 625 3685 depellant,
657 3605 695 3664 ut
724 3599 863 3685 pericula
893 3600 1087 3686 propulsent,
1119 3607 1156 3666 ut
1178 3605 1381 3668 inimicorum
1405 3604 1456 3669 de

367 3721 495 3786 fendant
535 3723 677 3798 iniurias,
719 3729 757 3785 ut
797 3721 1025 3786 miraculorum
1066 3725 1265 3808 optatissimo
1308 3726 1456 3791 fruantur

367 3842 525 3928 adspectu.
562 3841 622 3906 Sed
644 3849 675 3906 et
699 3845 835 3928 mystica
859 3863 945 3908 sacra
965 3843 1096 3908 eandem
1116 3846 1155 3910 ob
1175 3866 1302 3911 oausam
1322 3847 1454 3912 coluisse

365 3964 544 4041 initiandos,
568 3967 743 4028 accuratius
764 3964 1046 4032 demonstrandum
1066 3972 1122 4042 est,
1143 3969 1345 4052 antiquorum
1361 3971 1455 4054 scrip·

367 4089 475 4148 torum
499 4087 685 4166 testimonio
709 4085 861 4150 adhibito.

381 4449 382 4456 ἵ
403 4396 426 4454 1)
444 4394 547 4442 Praebet
563 4393 672 4452 Locros,
691 4393 754 4458 Agl„
771 4400 829 4445 tom.
847 4393 867 4451 Ι,
885 4410 908 4458 p.
928 4395 973 4443 53:
992 4395 1078 4455 βιαίως
1095 4393 1122 4444 δὲ
1139 4392 1289 4459 ἐγκειμένου.

401 4479 425 4540 2)
442 4477 495 4526 Hac
511 4477 539 4525 de
557 4477 677 4526 locutione
694 4479 724 4527 cf.
743 4477 852 4536 bonnus,
872 4478 925 4541 Agl.
943 4484 1002 4528 tom.
1024 4479 1045 4538 I,
1062 4495 1085 4543 p.
1105 4481 1142 4528 54.
