3404 5368
890 1265 912 1351 g
934 1260 981 1328 11.

432 1449 596 1516 Scenicam
614 1451 648 1514 iu
666 1447 775 1514 Isiacis
793 1447 900 1514 teletis
919 1449 1075 1514 actionem
1094 1449 1161 1512 iam
1176 1446 1484 1526 missamfaciamus,

387 1570 546 1657 aliamque
569 1573 677 1656 potius
699 1547 845 1634 ineamus
868 1568 1065 1635 difficultatis
1089 1568 1300 1655 expediendae
1317 1571 1482 1635 rationem.

386 1691 497 1777 Neque
529 1691 673 1768 dubium,
705 1693 782 1775 quin
812 1689 915 1755 multo
939 1689 1079 1755 firmiore
1101 1692 1246 1754 nitantur
1269 1689 1484 1768 fundamento,

386 1834 466 1900 quae
489 1813 527 1878 de
549 1811 769 1900 symbolorum
792 1814 827 1876 in
848 1811 955 1877 Isiacis
978 1814 1014 1878 vi
1037 1817 1131 1896 atque
1154 1809 1266 1877 effectu
1287 1813 1322 1876 in
1341 1810 1485 1876 medium

386 1941 460 2000 sunt
486 1934 621 2020 prelata.
645 1934 775 2000 Etenim
799 1955 873 2000 cum
898 1955 937 2000 ex
959 1933 1126 2011 librorum,
1151 1937 1223 1998 tum
1246 1953 1285 1998 ex
1307 1935 1486 2019 inscriptio-

385 2078 464 2122 num
482 2055 627 2141 reliquiis
646 2058 765 2121 nemini
784 2078 846 2122 non
857 2057 1008 2134 innotuit,
1021 2056 1201 2142 Aegyptios
1212 2061 1244 2120 et
1256 2045 1486 2121 vetustissimis

385 2179 583 2264 temporibus
613 2182 644 2243 et
674 2178 901 2263 posterioribus
924 2177 1029 2242 multa
1053 2177 1235 2242 divinarum
1258 2197 1367 2241 renum
1390 2182 1485 2262 atque

384 2298 592 2366 ineffabilium
623 2299 684 2364 sibi
714 2297 847 2364 finxisse·
868 2297 1024 2386 symbola.
1048 2297 1139 2379 Quod
1161 2303 1270 2363 autem
1294 2297 1334 2362 ad
1356 2303 1485 2383 tempus

383 2421 474 2506 illud,
496 2420 534 2486 de
554 2441 616 2507 quo
636 2421 773 2506 agimus,
794 2421 918 2499 attinet,
936 2422 1013 2484 eatis
1028 2419 1152 2486 eritve]
1165 2417 1484 2497 Hermeticoslibros,

384 2541 439 2609 vel
450 2541 488 2608 de
500 2544 665 2628 mysteriis
677 2540 807 2618 librum,
819 2539 987 2608 Iamblichi
999 2543 1054 2626 qui
1065 2541 1177 2619 fertur,
1189 2539 1329 2620 laudare,
1341 2541 1397 2606 ubi
1409 2546 1484 2605 sect.

384 2661 452 2741 VII,
476 2668 539 2748 cpt.
561 2661 648 2728 1-3
670 2661 891 2750 detheologia
909 2661 1085 2749 symbolica
1104 2663 1340 2749 Aegyptiorum
1361 2664 1485 2748 copiose

294 2831 296 2838 -
385 2785 577 2870 disputatur.
598 2784 689 2850 Licet
708 2787 811 2870 igitur
828 2785 975 2870 opinions
995 2805 1208 2870 praesumere,
1229 2783 1382 2871 quasdem
1400 2788 1484 2849 certe

383 2908 417 2970 in
439 2905 545 2971 teletis
568 2906 666 2972 fuisse
690 2913 795 2992 partes
818 2911 851 2971 et
873 2905 1102 2992 symbolorum.
1131 2905 1203 2971 Non
1226 2912 1334 2972 temen
1357 2907 1417 2971 hoc
1439 2907 1484 2970 sio

381 3030 522 3114 accipere
543 3027 654 3108 velim,
678 3031 770 3114 quasi
792 3049 880 3094 sacra
901 3030 934 3092 in
957 3033 1049 3093 nocte
1072 3049 1128 3114 per
1152 3027 1298 3114 symbola
1318 3025 1484 3112 disciplina

383 3139 537 3235 quaedam
559 3151 696 3216 initiatis
718 3152 761 3216 sit
782 3149 898 3215 tradita
921 3170 1042 3232 arcane,
1067 3149 1123 3215 sed
1146 3147 1295 3236 symbola
1316 3148 1368 3214 hic
1391 3150 1484 3234 signa

382 3274 489 3358 potius
519 3271 756 3357 interpretanda
785 3293 853 3337 esse
882 3292 962 3355 reor,
995 3291 1075 3356 quae
1107 3291 1228 3336 sacram
1258 3270 1425 3336 historiam
1448 3273 1483 3335 in

381 3397 523 3458 mentem
541 3394 767 3458 revocaverint.
787 3394 899 3478 Itaque
919 3393 990 3457 viro
1009 3391 1193 3457 doctissimo
1212 3391 1375 3469 Annichio,
1395 3413 1480 3471 cum,

381 3514 562 3580 Rohdianao
590 3513 627 3578 de
650 3515 813 3600 mysteriis
835 3513 1009 3579 Eleusiniis
1032 3516 1229 3580 coniecturas
1246 3513 1268 3593 ¹)
1291 3534 1423 3598 memor,
1449 3518 1481 3578 ot

380 3639 415 3702 in
444 3635 553 3701 Isiacis
584 3634 691 3700 teletis
714 3637 852 3702 scenicae
876 3638 1007 3702 actionis
1030 3635 1100 3702 loco
1125 3655 1211 3702 sacra
1234 3639 1390 3701 ostentata
1412 3654 1480 3701 esse

381 3761 498 3846 mystis
521 3757 676 3845 symbola,
701 3756 877 3824 verisimile
900 3757 1032 3848 putat2)
1055 3757 1193 3844 quadam
1216 3778 1255 3824 ex
1274 3763 1364 3845 parte
1382 3755 1480 3822 liben-

380 3883 503 3946 tissime
532 3882 696 3946 assentior.
728 3881 834 3966 Atque
864 3881 940 3946 haec
968 3878 1190 3966 symbolorum
1212 3881 1382 3946 ostentatio
1405 3899 1480 3963 quo-

380 4001 474 4068 modo
491 4002 576 4068 facta
593 4005 634 4066 sit
654 4003 682 4066 si
701 4004 893 4087 quaerimus,
911 4003 1073 4088 imprimis
1088 4007 1234 4067 aecurate
1245 4000 1477 4067 consideremus

380 4128 514 4208 oportet,
543 4144 623 4209 quae
651 4123 799 4190 Fouoner
822 4124 860 4189 de
883 4122 987 4189 Nilaei
1010 4125 1210 4190 caerimoniis
1234 4122 1369 4191 rettulit.
1395 4121 1477 4189 Sunt

380 4249 488 4310 autem
511 4246 604 4311 haec:

382 4397 558 4406 —-——

415 4479 439 4542 1)
455 4477 493 4527 of.
510 4482 521 4542 s
539 4479 562 4528 e.
762 4479 786 4542 a)
803 4479 841 4528 or.
858 4483 869 4543 i
887 4479 911 4529 s.
