3346 5376
864 468 907 536 72

337 661 437 743 spatio
468 660 698 721 succrescentes
729 675 871 740 quaeque
896 652 957 718 alia
980 654 1013 716 in
1037 651 1198 716 Bacchidis
1221 651 1376 751 miracula
1399 659 1431 720 et

336 784 445 865 poetae
475 783 507 843 et
536 778 690 855 historici,
723 797 824 862 neque
855 782 892 840 ut
924 773 1048 840 fabulas
1079 779 1216 856 tanturn,
1248 774 1303 838 sed
1333 778 1430 841 ctiam

337 905 373 965 nt
396 919 445 963 res
467 904 642 984 compertas
662 904 801 963 narrant.
837 896 873 962 Si
897 896 1026 982 quidem
1049 895 1222 960 Pausanias
1245 895 1429 983 prodigium

335 1023 369 1086 in
403 1019 494 1084 Elida
528 1021 695 1105 quotannis
729 1025 905 1104 peractum,
941 1017 1124 1082 dubitanter
1156 1015 1241 1094 licet,
1273 1016 1429 1084 nobilium

336 1147 443 1207 tamen
473 1145 619 1207 virorum
649 1141 792 1208 adhibito
824 1141 1018 1216 testimonio,
1052 1138 1157 1215 refert,
1190 1137 1243 1215 VI,
1275 1158 1365 1217 xxvi,
1392 1140 1428 1205 1:

338 1271 419 1328 Θεῶν
449 1265 480 1329 δέ
512 1264 541 1327 ἐν
572 1271 633 1336 τοίς
663 1262 807 1342 μοίλιστα
833 1262 975 1328 Διθνυσον
1000 1259 1139 1338 σέβουσιν
1164 1263 1277 1325 Ἠλεῖοι
1301 1260 1353 1325 καί
1379 1261 1429 1326 τθν

336 1385 398 1450 θεθν
434 1391 538 1467 σφισιν
571 1387 734 1466 ἐπιφοιτᾶν
766 1387 807 1457 εἰς
840 1392 897 1450 τῶν
931 1385 1027 1449 Θυίων
1058 1384 1112 1456 τὴν
1143 1384 1241 1464 ἑορτίρν
1272 1384 1424 1460 λέγουσιν.

336 1505 450 1588 νίπέχει
482 1506 538 1584 μέν
569 1531 608 1585 γε
640 1515 694 1582 τῆς
727 1505 844 1574 πθλευς
875 1503 939 1570 ὅσον
971 1529 1006 1568 τε
1037 1503 1113 1567 θκτὼ
1142 1502 1255 1567 στοίδια
1279 1500 1347 1568 ἔνθα
1372 1507 1427 1579 τίρν

335 1627 435 1706 ἑορτὴν
465 1626 575 1706 οἰγουσι
611 1637 690 1693 Θυῖα
723 1625 936 1708 θνομοίζοντες·
968 1626 1105 1704 λέβητας
1137 1625 1169 1690 δὲ
1200 1625 1323 1706 οἰριθμίν
1346 1635 1425 1706 τρεῖς

335 1749 377 1819 εἰς
407 1745 522 1826 οἰκνμα
555 1750 785 1827 εἰσκομίσαντες
818 1751 843 1814 οἰ
876 1749 963 1829 ίερείς
988 1745 1207 1812 κατατίθενται
1232 1747 1344 1825 κενούς,
1368 1770 1428 1812 πα-

334 1868 439 1949 ρθντυν
467 1869 519 1934 καί
551 1878 608 1935 τῶν
640 1873 741 1936 οἰστῶν
773 1871 825 1934 καί
857 1867 957 1945 ξένυν,
989 1870 1015 1934 εἰ
1047 1870 1169 1948 τύχοιεν
1194 1867 1425 1945 ἐπιδημοῦντες·

335 1992 514 2070 σφραγῖδας
547 1991 578 2057 dt
611 1994 699 2057 αὐτοί
728 2017 763 2057 τε
796 1993 821 2057 οἰ
855 1993 953 2071 ἱερεῖς,
985 1991 1036 2056 καί
1068 1992 1126 2054 τῶν
1156 1988 1260 2055 οἰλλυν
1285 1987 1364 2063 ὅσοις
1387 1991 1425 2056 θον

336 2113 418 2176 κατοί
454 2113 578 2190 γνώμην
613 2109 639 2198 ᾖ,
675 2121 744 2185 ταῖς
777 2113 878 2192 θύραις
911 2117 963 2176 τοῦ
996 2113 1159 2187 οἰκήματος
1192 2111 1423 2189 ἐπιβάλλουσιν.

335 2234 376 2306 εἰς
409 2233 440 2298 δὲ
471 2236 524 2308 τὴν
550 2235 695 2299 ἐπιοῦσαν
718 2233 762 2298 τοί
783 2259 818 2298 τε
842 2240 956 2308 σνμεία
981 2234 1145 2312 ἐπιγνῶναι
1170 2232 1300 2312 ποίρεστί
1324 2239 1425 2314 σφισι,

335 2357 389 2418 καί
416 2355 602 2426 εἰσελθόντες
626 2357 668 2427 εἰς
693 2357 726 2421 τί
751 2355 864 2432 οίκυμα
889 2355 1071 2434 εὑρίσκουσιν
1096 2353 1170 2419 οἰνου
1194 2355 1426 2430 πεπλησμένους

337 2476 405 2547 τοὺς
438 2477 588 2553 λέβητας.
620 2482 723 2541 ταῦτα
755 2476 879 2541 Ἠλείων
903 2501 938 2541 τε
962 2477 987 2541 οἰ
1012 2475 1211 2552 δοκιμώτατοι
1234 2474 1347 2561 ἄνδρες,
1372 2476 1426 2542 σὺν

338 2598 441 2668 αὐτοῖς
466 2597 496 2662 δὲ
520 2598 571 2662 καί
595 2597 669 2675 ξένοι
694 2597 888 2674 κατώμνυντο
913 2593 996 2679 ἐχειν
1021 2596 1105 2660 κατοί
1124 2596 1166 2661 τοί
1186 2597 1335 2676 εἰρημένα,
1359 2597 1425 2662 ἐπεί

337 2718 430 2790 αιίτθς
454 2743 493 2796 γε
518 2721 570 2784 οιίκ
595 2721 638 2792 εἰς
663 2720 763 2799 καιρὸν
787 2717 945 2797 οἰΦικίμνν
970 2726 1025 2793 τῆς
1049 2719 1162 2795 ἑορτῆς.
1198 2717 1340 2798 Quocum
1360 2740 1429 2784 cun·

337 2842 433 2906 sentit
456 2839 690 2928 Theopompus,
714 2842 789 2929 Frg.
814 2839 880 2906 296
902 2854 934 2906 et
953 2840 1006 2904 Ps.
1026 2841 1158 2906 Aristot.
1184 2840 1232 2906 De
1252 2843 1326 2905 mir.
1345 2862 1430 2906 ausc.

266 2975 268 2978 ·
339 2959 414 3037 123,
444 2963 490 3026 ia
521 2967 559 3027 ut
580 2965 794 3028 narrationem
817 2964 933 3028 hancce
956 2983 1017 3026 non
1041 2967 1079 3026 ut
1101 2960 1241 3026 fabulam
1265 2983 1303 3027 ex
1326 2962 1426 3028 nihilo

310 3161 316 3174 .
336 3082 443 3148 fictam
465 3089 663 3152 contemnere
685 3083 828 3167 liceat1).
861 3083 1044 3151 Sacerdotes
1067 3085 1119 3149 hic
1138 3085 1248 3149 frande
1267 3105 1341 3149 usos
1360 3106 1425 3150 esse

337 3209 517 3292 suspicatur
546 3207 581 3272 F.
614 3209 652 3272 A.
685 3203 785 3274 Vomr
808 3211 830 3273 i.
854 3231 885 3274 v.
912 3207 1084 3294 Dionysus,
1110 3208 1186 3272 Lex.
1210 3207 1322 3272 Rosch.
1346 3212 1425 3274 tom.

336 3328 362 3406 I,
395 3351 425 3414 p.
459 3329 562 3395 1058:
596 3331 680 3408 „Das
710 3333 744 3396 in
777 3331 833 3395 der
862 3331 997 3396 Ekstase
1027 3351 1091 3395 von
1122 3330 1182 3395 den
1205 3329 1353 3395 Bakchen
1376 3350 1428 3416 ge

338 3451 467 3516 schaute
499 3451 638 3516 Wunder
668 3453 776 3516 wurde
809 3452 909 3517 durch
940 3452 1167 3538 Priestertrug,
1200 3451 1255 3517 der
1285 3453 1352 3516 sich
1375 3451 1434 3516 auf
1540 3501 1542 3506 s

338 3571 388 3636 die
418 3573 649 3639 unversehrten
681 3572 789 3660 Siegel
808 3594 859 3661 'an
890 3572 950 3638 den
973 3571 1220 3660 Tempelthdren
1244 3573 1352 3650 berisf,
1375 3573 1433 3637 auf

371 3793 395 3855 1)
418 3793 486 3842 Idem
509 3799 533 3842 ct
557 3792 644 3842 Andrii
667 3792 735 3842 festis
758 3793 849 3842 Bacchi
871 3794 955 3842 dicbus
978 3794 1073 3843 cvenirc
1097 3794 1257 3853 affirmabant,
1273 3792 1345 3842 Pane.
1363 3793 1380 3843 1.
1398 3792 1428 3842 l.:

337 3874 441 3937 λέγουσι
468 3873 494 3924 δί
519 3874 562 3924 καί
587 3872 694 3936 Ἄνδριοι
720 3876 786 3936 παρα
811 3873 869 3934 'dccc
896 3876 981 3938 σφίσιν
1005 3875 1039 3933 εἰς
1062 3878 1108 3924 τοῦ
1131 3875 1250 3924 Διονύσου
1275 3875 1321 3932 τὴν
1344 3872 1427 3936 ἑορτὴν

338 3956 383 4019 ῥεῖν
401 3953 460 4006 σίνον
477 3956 621 4018 αὐτόματον
639 3962 666 4006 ἐκ
684 3960 730 4006 τοῦ
748 3959 816 4020 [sccii.
835 3957 872 4009 cf.
889 3958 953 4008 Plin.
971 3957 1034 4008 Hict.
1052 3958 1109 4008 Nat.
1124 3957 1158 4018 ΙΙ,
1179 3959 1231 4018 106,
1247 3959 1288 4008 ll:
1303 3958 1332 4007 In
1345 3958 1426 4007 Andro

336 4038 429 4099 insula,
458 4041 549 4105 templo
573 4040 653 4089 Liberi
676 4041 765 4105 patris,
795 4042 886 4090 fontem
910 4040 984 4091 Nonis
1008 4041 1128 4090 Ianuariis
1152 4058 1245 4106 semper
1269 4041 1319 4090 vini
1342 4057 1426 4105 sapore

336 4123 408 4171 duero
431 4123 560 4172 Mucianus
577 4129 613 4172 ter
630 4123 714 4171 consul
731 4123 819 4172 credit:
847 4124 905 4180 Διὸς
921 4125 1040 4172 Θεοδοσία
1057 4130 1164 4183 vocatur,
1183 4123 1270 4182 XXXI,
1287 4124 1319 4173 la
1335 4123 1427 4172 Mucia·

336 4220 381 4252 nus
404 4204 457 4266 (ait)
480 4205 556 4254 Andri
579 4222 592 4254 e
614 4206 680 4254 fonte
704 4204 784 4253 Liberi
799 4204 889 4264 Patris,
907 4206 977 4255 statis
995 4206 1079 4257 dicbus
1097 4207 1202 4271 septenis
1219 4207 1270 4256 cius
1288 4206 1327 4255 dci
1344 4205 1426 4254 vinnm

335 4287 417 4345 flucre,
440 4287 460 4336 si
478 4289 602 4338 auferatur
619 4305 633 4337 a
650 4294 779 4353 conspectu
797 4288 890 4352 templi,
909 4305 993 4354 sapore
1010 4289 1035 4338 in
1053 4306 1141 4354 aquam
1159 4295 1305 4339 transeunte.
1324 4316 1355 4325 —
1374 4287 1426 4336 Hoc

336 4370 394 4434 quid
416 4369 462 4418 sibi
484 4370 552 4430 velit,
574 4371 645 4424 facilc
670 4370 841 4440 intelligemus,
866 4371 887 4420 si
909 4373 1059 4422 conderemus
1076 4374 1156 4422 locum
1174 4388 1210 4422 cx.
1227 4371 1267 4421 Ps.
1284 4371 1349 4421 Plat.
1368 4370 1426 4419 Ione

336 4467 408 4520 supra
425 4451 536 4505 allatum.
