3404 5368
736 1337 810 1426 54.

269 1522 308 1590 G.
341 1525 502 1600 B01ssmu,
533 1522 590 1586 ubi
618 1523 653 1584 in
683 1519 866 1586 doctissimo
903 1519 941 1584 de
972 1520 1067 1585 rebus
1100 1519 1219 1586 divinis
1244 1520 1329 1604 apud

121 1728 123 1731 ι
223 1645 383 1710 Romanos
421 1663 440 1707 a
471 1643 547 1708 divo
581 1644 730 1728 Augusto
766 1640 805 1708 ad
838 1642 1017 1738 Antoninos
1052 1640 1133 1706 libro
1169 1647 1201 1707 et
1235 1641 1329 1706 Isidis

224 1787 354 1851 operam
389 1768 487 1831 navat
517 1765 614 1829 sacris
629 1763 662 1844 ¹),
696 1784 771 1828 cum
802 1764 864 1827 toti
895 1761 1013 1847 Apulei
1043 1765 1227 1841 narrationi,
1257 1769 1329 1828 tum

221 1887 291 1951 loco
313 1885 366 1950 illi
389 1885 427 1950 de
451 1905 538 1950 sacra
561 1889 654 1948 nocte
676 1881 857 1968 plurimum
881 1883 1007 1948 tribuit.
1032 1881 1077 1947 Ut
1095 1885 1204 1969 ipsum
1225 1884 1332 1948 audia-

223 2027 296 2072 mus
319 2007 545 2072 Boissierium:

268 2125 350 2204 „Oes
380 2133 466 2192 mots
497 2125 733 2211 enigmatiqucs
765 2131 838 2190 sont
868 2126 1025 2210 peut-etro
1053 2145 1164 2190 encore
1190 2145 1225 2190 66
1251 2123 1354 2210 qu'il.

220 2269 300 2313 nous
323 2269 341 2312 6
365 2247 414 2312 ete
439 2248 487 2311 dit
509 2247 547 2312 de
571 2246 644 2332 plus
677 2245 755 2312 cleir
778 2268 834 2312 sur
855 2245 902 2311 les
926 2247 1094 2332 mysteres.
1119 2245 1331 2331 116166666-

220 2369 374 2452 prcchant
398 2368 452 2432 des
476 2372 582 2432 autres
605 2365 828 2432 indiscretione
852 2367 916 2432 fort
939 2367 1087 2432 obscures
1109 2365 1235 2450 quoles
1255 2366 1330 2430 ecri-

220 2490 313 2554 vcins
344 2489 470 2552 enciens
501 2493 556 2553 ont
586 2489 766 2566 commises,
798 2509 839 2552 ou
871 2493 948 2573 peut
975 2489 1138 2553 entrevoir
1160 2486 1193 2552 la
1215 2492 1329 2552 661666

220 2609 275 2673 des
305 2614 432 2685 secrets,
465 2609 561 2694 qu’on
588 2608 723 2674 revelait
747 2631 809 2674 aux
832 2608 942 2674 initias
966 2614 997 2673 et
1020 2607 1053 2673 la
1075 2609 1165 2694 sapon
1190 2608 1267 2674 dont
1290 2630 1329 2674 cn

218 2728 265 2794 les
288 2728 359 2794 leur
382 2729 491 2794 faisait
513 2729 696 2795 connaitre’'
711 2728 748 2810 ⁹).

264 2848 340 2927 Nec,
364 2851 524 2934 quomodo
547 2851 606 2916 hoc
629 2851 751 2916 factum
774 2853 826 2930 sit,
851 2853 1005 2942 coniicere
1028 2857 1162 2916 recusat.

266 2970 486 3048 „L'initiation
517 2971 595 3036 etait
620 2975 781 3037 vraiment
803 2994 848 3036 un
871 2972 979 3038 drame
1002 2976 1176 3060 mystique,
1201 2995 1326 3039 comme
1383 2993 1391 3016 ¹

218 3090 368 3178 l’appelle
403 3114 446 3156 un
483 3093 561 3158 Pere
592 3093 630 3158 de
660 3073 814 3180 megine
848 3115 885 3159 on
917 3116 940 3180 y
966 3096 1071 3180 jcueit
1100 3093 1147 3160 les
1177 3093 1327 3181 legendos

219 3211 338 3278 sacries
361 3213 435 3298 plus
461 3234 573 3280 encore
597 3213 693 3299 qu’on
716 3235 755 3280 ne
778 3213 823 3280 les
843 3214 1020 3280 racontait''
1036 3212 1071 3296 ³).

265 3335 309 3398 At
328 3331 486 3413 Clemens,
501 3356 575 3400 cum
597 3334 675 3399 dicit
691 3335 761 3408 Δηὼ
778 3334 809 3400 δὲ
823 3335 874 3398 uel
889 3335 964 3412 Κόρη
978 3335 1084 3416 δρᾶμα
1096 3335 1150 3411 ἤδη
1166 3335 1325 3414 ἐγενέσθην

219 3454 376 3532 μυστικόν,
397 3456 502 3520 Ρ6616.
523 3455 554 3520 II
571 3477 603 3540 p.
626 3455 668 3520 12
686 3455 743 3520 Ed.
760 3455 832 3522 Pot.
848 3454 1013 3520 Eleusinia
1025 3459 1180 3543 mysteria
1192 3462 1324 3542 spectet,

172 3613 175 3616 -
218 3595 280 3640 non
303 3567 413 3659 Isiaco,
446 3597 583 3661 cumque
615 3578 649 3640 in
681 3565 793 3661 quinto
821 3573 1023 3642 Stromateon
1045 3575 1126 3642 libro
1151 3578 1326 3664 Aegyptia-

217 3715 329 3760 corum
362 3699 595 3782 mysteriorum
625 3699 821 3761 mentionem
856 3696 942 3774 facit,
979 3697 1017 3762 de
1044 3717 1157 3762 arcana
1181 3697 1325 3763 doctrine

218 3813 332 3898 multa,
359 3816 397 3880 de
420 3819 553 3881 scenicis
575 3817 918 3902 repraesentationibus
940 3816 1029 3881 nihil
1047 3817 1154 3882 refert.

260 3933 373 4020 Itaque
397 3935 573 4021 Apuleium
596 3958 652 4022 per
674 3957 707 4002 se
730 3939 839 4022 potius
863 3941 1055 4022 spectemus,
1081 3941 1176 4022 atque
1200 3958 1218 4002 a
1239 3936 1325 4002 Bois-

216 4056 310 4122 sierio
334 4057 609 4140 quemadmodum
632 4060 674 4121 sit
698 4057 897 4142 explanatus,
923 4058 1108 4124 videamus:

251 4251 275 4312 1)
293 4252 322 4300 G.
345 4251 473 4310 Romamn,
496 4252 531 4300 La
554 4252 657 4316 religion
681 4251 800 4300 Rcmsins
823 4251 957 4316 d'Auguste
980 4269 1026 4302 aux
1045 4252 1166 4301 Antonine
1183 4257 1242 4301 tom.
1261 4251 1282 4310 I,
1300 4267 1325 4315 p.

219 4333 359 4386 see-425.
377 4334 414 4384 of.
432 4335 470 4384 cd.
489 4341 568 4400 quart.
587 4341 646 4384 tom.
664 4335 685 4392 I,
703 4351 727 4398 p.
746 4333 887 4386 ete-879.

252 4415 278 4476 2)
295 4415 331 4464 La
349 4417 482 4466 66111666.
500 4423 558 4470 tom.
577 4417 598 4475 I,
616 4432 640 4480 p.
659 4416 717 4464 419.
735 4415 772 4465 Of.
791 4418 829 4467 ed.
847 4423 926 4482 quart.
943 4422 1002 4467 tom.
1020 4417 1041 4476 I,
1058 4434 1082 4482 p.
1100 4416 1157 4468 315.

217 4547 233 4571 .·
252 4498 276 4558 8)
293 4498 328 4547 Le
346 4499 390 4548 rel.
408 4499 479 4548 Rom.
497 4505 556 4548 tom.
574 4499 595 4556 1,
614 4513 638 4562 p.
656 4497 713 4546 421.
732 4498 770 4548 cf.
787 4499 826 4548 cd.
844 4505 922 4564 quart.
940 4505 999 4548 tom.
1018 4500 1038 4558 1,
1056 4517 1080 4564 p.
1101 4500 1157 4553 376.
