3346 5376
696 501 759 570 137

183 687 357 766 θνέμνωμεν
380 685 412 750 δὲ
436 685 522 765 παραὶ
547 685 707 765 Νονμκνθω
730 686 771 765 τῷ
797 683 990 764 Πυθαγορείων
1010 681 1076 763 περὶ
1097 688 1151 757 τῆς
1174 707 1275 748 κατα-

183 816 290 882 σκευῆς
324 811 430 882 αὐτοῦ,
463 808 500 880 ὥς
530 805 591 887 θρα
615 807 738 873 παντων
761 813 819 872 τῶν
844 808 902 872 ὑπὸ
926 806 1047 888 φύσεως
1072 805 1277 882 διοικουμένων

184 931 313 1011 μετέχει
338 930 442 1000 οὐσίαι
467 927 546 1013 ζῴων
569 929 621 994 καθ
646 935 767 1010 Φυτῶν·
792 926 840 994 ἵνα
865 929 934 1010 δθξιι
957 929 1041 1007 μετθι
1065 933 1122 992 τῶν
1146 927 1277 992 asena-

184 1072 243 1118 των
277 1057 409 1122 τελετῶν
443 1051 494 1115 καὶ
530 1041 597 1114 τῶν·
619 1057 774 1116 καλουσῶν
806 1050 952 1128 θοιθμονοια
984 1054 1187 1127 cesseram
1218 1050 1278 1130 mlx

186 1172 241 1239 ὑτθ
273 1173 540 1251 ἀγαλματοποιῶν
572 1169 668 1250 μθνων
699 1170 985 1252 κατασκευάζεσθαι
1018 1173 1079 1244 θεὸς
1113 1171 1199 1236 clatet
1225 1169 1276 1234 unt

155 1386 157 1391 Α
187 1294 242 1362 ὑπὸ
273 1295 386 1373 μοθγων
418 1295 470 1360 καὶ
497 1301 671 1374 Φαιμακῶν
697 1295 747 1359 καὶ
774 1301 830 1360 τῶν
855 1296 983 1375 ἐπῳδαῖς
1008 1295 1107 1359 αὐτῶν
1132 1291 1279 1369 κηλουμέ-

186 1444 238 1484 νων
262 1417 421 1494 δαιμόνων.
446 1420 601 1504 Aegyptii
625 1421 733 1482 eutem
757 1419 901 1502 magicae
923 1419 1021 1482 huius
1040 1419 1117 1482 artis
1137 1421 1280 1481 auctores

185 1541 391 1617 habebantur,
412 1540 451 1605 of.
472 1537 651 1626 Asclepius,
672 1539 732 1606 37:
762 1540 939 1620 „Quoniam
958 1561 1035 1627 ergo
1055 1541 1165 1625 proavi
1179 1539 1280 1612 nostri

185 1663 329 1728 multum
359 1662 505 1732 errabant
535 1665 618 1727 circe
650 1662 781 1727 deorum
805 1665 961 1727 rationem
984 1659 1140 1726 increduli
1163 1665 1195 1724 et
1217 1681 1281 1724 non

186 1784 474 1851 animadvertentes
499 1784 538 1848 ad
561 1783 685 1850 cultum
710 1783 963 1870 religionemque
981 1785 1135 1866 divinam,
1155 1785 1283 1847 invene-

186 1913 262 1972 runt
293 1911 406 1982 artem,
440 1921 502 1991 qua
532 1905 690 1971 efficerent
717 1905 791 1972 deos
805 1903 841 1985 ¹).
877 1904 938 1972 Oui
961 1908 1111 1972 inventae
1134 1905 1284 2002 adiuoxe

187 2034 266 2116 runt
284 2031 441 2093 virtutem
466 2026 503 2092 de
527 2027 641 2092 mundi
659 2033 772 2093 nature
796 2031 1038 2094 convenientem
1058 2026 1190 2113 eamque
1210 2029 1284 2092 mis-

186 2157 300 2232 centes,
345 2151 495 2236 quoniam
535 2152 657 2214 enimes
691 2150 792 2215 fecere
827 2171 890 2216 non
924 2155 1082 2236 poterent,
1118 2156 1284 2215 evocantes

187 2277 310 2339 animas
342 2274 533 2339 doemonum
562 2271 615 2338 vel
638 2272 829 2360 angelorum
853 2295 904 2339 ees
927 2273 1114 2339 indiderunt
1136 2275 1285 2360 imagini-

187 2397 281 2461 nibus
307 2398 423 2461 sanctis
447 2395 627 2480 divinisque
646 2398 808 2482 mysteriis
818 2397 854 2477 ²),
876 2417 932 2484 per
953 2417 1030 2483 quas
1049 2395 1135 2460 idola
1155 2400 1186 2461 et
1206 2396 1285 2460 bene

188 2517 322 2584 faciendi
343 2521 375 2582 et
393 2515 581 2582 malevires
598 2517 713 2582 hebere
731 2519 942 2604 potuissent'',
955 2519 1040 2584 etet
1052 2519 1112 2584 24:
1134 2517 1285 2596 „Statuas

188 2641 344 2706 animatas
368 2661 463 2704 sensu
486 2647 518 2704 et
541 2643 657 2725 spiritu
680 2638 788 2724 plenas
806 2641 958 2726 tantaque
975 2641 1126 2706 facientes
1145 2645 1178 2706 ct
1198 2640 1284 2720 talia,

188 2766 308 2828 etatues
345 2761 529 2827 futurorum
570 2764 726 2848 praescias
760 2783 858 2848 eaque
893 2767 994 2839 sorte,
1030 2767 1120 2840 vate,
1156 2765 1286 2828 somniis
1331 2801 1356 2824 .-

190 2877 366 2968 multisque
390 2883 462 2967 aliie
486 2885 579 2950 rebus
597 2885 824 2970 praedicentes,
843 2883 1085 2950 imbecillitates
1104 2885 1287 2949 hominibus
1365 2941 1367 2945 ,

190 3007 339 3072 iacientes
371 3027 485 3092 easque
512 3007 679 3073 curantes''
695 3005 729 3087 ³),
759 3029 844 3094 quoe
862 3005 948 3072 locos
974 3005 1095 3084 attulit,
1119 3005 1287 3092 multaque

192 3161 362 3172 ——q

225 3254 249 3314 l)
273 3253 386 3302 Fortasse
404 3254 477 3302 verba
496 3253 635 3318 „Quoniam
653 3253 725 3318 ergo”
742 3259 766 3302 et
784 3254 906 3313 „multum
925 3281 953 3290 -
972 3253 1038 3302 non''
1052 3245 1070 3302 ¹a
1088 3253 1166 3302 scribe
1184 3253 1289 3318 quodem

192 3335 330 3386 Christiano
354 3337 444 3386 inserte
467 3344 531 3396 eunt,
554 3338 583 3386 cl.
607 3335 634 3385 L.
649 3333 774 3395 Μίλωνι),
792 3336 894 3386 Hermes
910 3334 1073 3402 Trismsigiete
1092 3337 1155 3386 trad.
1174 3336 1289 3405 compl',

191 3435 214 3484 p.
233 3419 289 3472 167.

226 3501 250 3564 2)
273 3500 328 3550 Non
350 3507 414 3551 recte
437 3501 496 3550 baec
520 3499 811 3566 resisteremus
830 3501 878 3554 let
896 3517 931 3566 eq.
949 3505 1032 3566 (quem
1052 3501 1185 3551 versionem
1203 3501 1289 3551 attulit

194 3590 217 3633 et
243 3581 376 3644 Maestae,
401 3583 434 3633 Le
456 3585 544 3634 double
568 3590 592 3634 et
614 3585 650 3634 les
671 3591 763 3634 statues
786 3583 964 3650 prophttiquee,
988 3584 1013 3653 in
1037 3562 1093 3643 „bt
1117 3585 1146 3633 de
1170 3584 1247 3650 myth.
1265 3589 1290 3634 et

193 3665 282 3715 d'arch'.
308 3666 371 3730 sgl’,
393 3672 453 3716 tom.
475 3666 497 3726 Ι,
519 3683 543 3731 p.
561 3667 682 3728 82—84)=
701 3666 816 3726 „Comme
834 3667 865 3715 ile
883 3683 913 3716 ne
929 3667 1063 3730 pouveient
1081 3666 1141 3715 leire
1158 3667 1199 3715 ‹les
1216 3667 1289 3725 bmee,

192 3748 222 3797 ile
240 3747 386 3813 ivoqutrent
403 3749 476 3798 celles
494 3750 535 3798 (les
552 3748 651 3798 de‘mone
669 3766 700 3798 ou
716 3750 759 3805 ,des
776 3765 849 3814 auges
866 3756 890 3798 et
907 3751 942 3798 lee
960 3749 1060 3799 fixerant
1075 3750 1134 3798 dens
1149 3750 1185 3798 les
1200 3749 1290 3799 saintes

193 3832 283 3896 images
306 3837 331 3880 et
352 3832 491 3881 lesdivius
514 3831 655 3898 mystbree’',
679 3861 710 3870 -
734 3832 863 3882 dicendum
887 3839 956 3882 eret:
983 3849 1043 3898 „per
1060 3848 1147 3898 moyen
1165 3833 1194 3882 de
1212 3832 1291 3888 divine

193 3913 324 3979 myetbres’'
348 3913 398 3962 sive
421 3912 638 3974 „consecratione'',
661 3915 691 3963 cf.
716 3931 728 3962 e
749 3914 803 3962 loco
828 3914 934 3978 Originis
952 3915 1024 3963 modo
1042 3915 1156 3964 laudato:
1175 3914 1215 3962 θνα
1232 3912 1290 3979 δόξῃ

193 3999 234 4058 (ec.
251 3995 359 4060 Sarapis)
377 3997 444 4056 μετὰ
459 3999 509 4044 τῶν
523 3993 670 4044 ἀτελέστων
685 4000 793 4044 τελετῶν
809 4023 840 4034 -
856 3993 905 4058 σιἰχ
921 3992 968 4044 ὑπὸ
984 3994 1199 4058 ἀγαλματοποιῶν
1214 3997 1290 4056 μόνων

193 4075 427 4142 κατασκευάζεσθαι
450 4077 508 4134 istc,
531 4077 600 4127 ἄλλα
624 4076 667 4128 καὶ
689 4076 736 4126 ὑπὸ
757 4076 845 4142 μθγων
867 4079 988 4128 stlocum
1007 4095 1019 4128 e
1036 4079 1131 4128 Zosimo
1149 4066 1197 4127 iem
1215 4095 1230 4126 e
1248 4077 1293 4130 Ιιυ·

193 4161 277 4210 beckio
295 4161 407 4216 allatum,
425 4160 479 4223 egl.
497 4165 555 4209 tom.
573 4159 594 4220 I,
610 4176 634 4224 p.
651 4159 698 4212 729
717 4177 760 4225 eq„
778 4177 810 4209 ec.
828 4161 882 4210 Zos.
899 4160 928 4219 V,
944 4162 989 4209 41:
1004 4160 1039 4209 τθι
1054 4161 1079 4222 (i.
1094 4177 1114 4210 e.
1136 4158 1291 4223 ἀγάλματα)

195 4238 311 4300 τελεταῖς
336 4242 422 4305 οθγθοιις
445 4239 626 4304 καθιδρυθέντα,
650 4241 832 4300 ἒλαττωθεθσνς
856 4245 901 4300 τῆς
925 4245 1041 4300 τελετῆς,
1059 4240 1153 4306 ἄψυχα
1171 4239 1232 4292 εἶναι
1250 4241 1292 4291 καὶ

195 4324 352 4388 θνενέργντοι,
370 4331 394 4374 et
411 4328 499 4389 quest
519 4326 550 4374 14
570 4342 594 4390 p,
614 4325 644 4373 bb
663 4327 691 4374 de
709 4325 754 4374 hae
773 4331 909 4375 statuarum
927 4325 1107 4375 consecratione
1124 4325 1237 4374 diximus.

229 4410 256 4475 3)
281 4409 319 4458 Cf.
336 4408 440 4466 Psellue,
458 4408 526 4472 Quae
544 4409 573 4456 de
592 4409 669 4458 daem.
688 4415 748 4458 sent.
767 4409 809 4458 (lr.
825 4424 849 4473 p.
868 4409 913 4458 402
932 4393 1091 4471 Ἀγοθλματθ
1110 4425 1141 4457 τε
1158 4405 1291 4470 θφίστιισιν

197 4495 237 4556 (sc.
253 4491 343 4556 magio)
362 4487 449 4553 θυείας
466 4488 644 4552 περιποιητικά.
