3404 5368
908 529 928 593 2

363 722 482 785 inserta
511 724 559 783 est
586 714 847 799 Roscherian01),
872 714 1199 801 quantulamcumque
1223 717 1339 782 hancce
1363 739 1471 803 super·

363 842 468 906 struxi
491 840 752 927 disputationem.

409 963 516 1046 Atque
550 961 588 1026 de
619 960 726 1026 teletis
750 958 869 1037 Isiacis,
893 958 1053 1044 quomodo
1077 962 1181 1024 aetate
1206 957 1382 1024 celebratae
1406 950 1471 1026 sint

364 1084 581 1168 imperatoria,
612 1102 771 1166 nusquam
797 1079 901 1166 plura,
924 1099 1083 1164 nusquam
1107 1079 1168 1144 fide
1191 1079 1348 1166 digniora,
1373 1100 1470 1166 quam

363 1203 532 1268 undecimo
556 1201 857 1288 Metamorphoseon
880 1203 919 1266 ab
933 1179 1080 1286 =Apuleio
1102 1203 1354 1287 conscriptarum
1378 1201 1470 1279 libre,

365 1328 539 1390 memoriae
567 1344 635 1390 esse
663 1323 824 1400 mandata,
851 1325 936 1388 inter
966 1344 1076 1389 omnes
1106 1325 1264 1390 convenit.
1302 1322 1352 1388 Ibi
1384 1324 1470 1386 enim

365 1451 477 1511 auctor
507 1444 696 1510 venerandis
723 1450 755 1509 et
778 1447 845 1529 ipse
868 1445 1018 1508 initiatus
1042 1442 1268 1529 penetralibus,
1293 1463 1374 1528 quae
1398 1447 1471 1508 ante

362 1568 578 1631 initiationem
598 1586 720 1651 quaeve
740 1570 812 1650 post
831 1567 968 1629 usitatae
981 1564 1101 1629 fuerint
1113 1566 1332 1642 caerimoniae,
1346 1567 1471 1649 copiose

363 1686 587 1772 eleganterque
618 1685 794 1770 descripsit.
827 1684 876 1749 Ibi
899 1690 931 1750 et
955 1705 1043 1750 sacra
1065 1688 1099 1750 in
1121 1691 1224 1763 nocte,
1248 1684 1406 1770 quomodo
1431 1685 1471 1749 ad

366 1809 539 1893 mysticam
565 1807 747 1892 pervenerit
778 1805 1021 1884 beatitudinem,
1054 1809 1164 1891 paucis
1187 1805 1263 1872 licet
1287 1811 1382 1891 atque
1405 1826 1471 1871 am-

365 1929 473 2012 biguis
495 1929 611 2005 verbis,
636 1928 801 1992 indicavit.
826 1926 909 1992 Sunt
932 1932 1041 1992 autem
1065 1928 1160 1992 haec:

414 2051 561 2127 ‚,Accesei
588 2047 761 2114 confinium
788 2051 903 2113 mortis
927 2054 959 2113 et
982 2048 1102 2114 calcato
1126 2049 1336 2134 Proserpinae
1358 2047 1470 2112 limine

365 2175 477 2236 vectus
496 2172 677 2256 peremnia
697 2169 855 2235 elementa
873 2172 1024 2236 remeavi.
1045 2169 1145 2235 Nocte
1165 2169 1270 2235 media
1286 2168 1356 2234 vidi
1370 2167 1470 2233 solem

364 2290 498 2356 candido
529 2294 748 2354 coruscantem
774 2289 907 2354 lumine.
939 2289 1022 2355 Deos
1045 2290 1162 2356 inferos
1185 2295 1217 2355 et
1240 2289 1314 2354 deos
1338 2310 1469 2376 superos

366 2413 483 2477 accessi
505 2431 611 2475 coram
634 2415 667 2475 et
689 2410 823 2476 adoravi
845 2411 884 2476 de
906 2411 1085 2496 proxumo''
1099 2413 1135 2492 ²).

408 2531 506 2597 Hisce
536 2534 641 2616 igitur
670 2533 834 2615 imprimis
865 2533 983 2609 verbis,
1015 2532 1131 2616 quibus
1155 2533 1347 2597 initiationis
1370 2533 1469 2596 conti·

362 2659 458 2718 netur
480 2658 648 2733 secretum,
675 2650 878 2736 explicandis,
903 2672 998 2736 opera
1017 2653 1163 2718 navanda
1183 2658 1241 2730 est,
1262 2657 1295 2717 et
1312 2651 1468 2718 librorum

363 2773 508 2838 adhibito
532 2774 726 2854 testimonie,
751 2776 783 2836 et
804 2771 961 2857 lapidum.

409 2893 472 2958 Sed
501 2914 652 2959 reverane
682 2913 843 2980 gemmae,
882 2897 1016 2970 statuae,
1048 2893 1174 2959 tabulae
1207 2897 1345 2973 votivae,
1377 2895 1469 2960 rude·

361 3035 458 3100 raque
482 3015 611 3081 aedium
633 3014 807 3080 isiacarum
822 3011 846 3095 ³)
869 3015 927 3078 hac
947 3016 981 3078 in
1000 2999 1249 3101 investigatione
1269 3037 1388 3103 magno
1404 3019 1469 3081 sint

361 3135 512 3215 subsidio,
545 3136 686 3202 dubitari
715 3140 830 3222 potest.
864 3135 909 3199 Ut
941 3137 1028 3200 enim
1059 3137 1199 3219 mittam,
1232 3159 1293 3202 non
1325 3139 1468 3223 integras

363 3276 488 3341 semper
514 3277 574 3334 res,
602 3257 657 3320 sed
680 3257 860 3342 fragmenta
883 3253 1074 3340 plerumque
1096 3258 1245 3338 inveniri,
1272 3277 1353 3341 quae
1375 3260 1467 3322 novis

363 3377 488 3460 saepius
519 3397 576 3440 nos
606 3375 774 3460 implicent
806 3377 974 3453 erroribus,
1008 3397 1104 3460 quam
1136 3378 1298 3443 veteribus
1321 3377 1466 3456 solvaut3

364 3501 402 3560 ut
425 3499 564 3573 mittam,
590 3517 671 3580 quae
693 3498 749 3562 vix
773 3497 903 3561 auribus
927 3495 1090 3581 oculisque
1113 3501 1390 3564 committerentur
1409 3502 1468 3565 ini·

362 3619 528 3694 tiatornm,
552 3637 589 3682 ea
611 3637 668 3682 nec
691 3616 852 3702 lapidibus
877 3621 996 3682 temere
1021 3638 1088 3682 esse
1111 3622 1282 3685 commissa
1295 3619 1338 3701 ⁴);
1364 3643 1466 3688 nonne

395 3831 420 3888 1)
437 3828 563 3877 Dauxtna
580 3828 596 3877 i.
615 3844 637 3877 v.
654 3827 708 3877 Isis.
726 3827 783 3877 Lex.
805 3825 890 3876 Rosch.
911 3832 962 3876 tom
980 3826 1015 3886 Il,
1032 3844 1056 3891 p.
1075 3827 1215 3881 eva-548.

396 3912 421 3973 2)
438 3911 528 3975 Apulei
545 3911 648 3960 Metam.
664 3910 708 3960 lib.
727 3909 770 3970 XI,
780 3910 820 3959 28.
838 3910 883 3960 Ed.
904 3927 927 3960 v.
944 3923 970 3960 n.
988 3910 1077 3962 vrrnr.

393 3993 417 4054 3)
440 3993 544 4057 Templi,
567 3993 593 4042 in
617 4008 664 4056 quo
687 3992 761 4041 sacris
784 3992 896 4041 initiatus
916 3998 952 4042 eet
976 3993 1101 4057 Apuleius,
1118 3993 1189 4042 nulla
1208 3995 1311 4061 vestigia
1330 4004 1466 4063 supersunt.

361 4075 479 4124 Attamen
496 4075 601 4135 indiciis,
620 4091 682 4138 quse
699 4075 751 4139 ipse
770 4074 889 4139 Apuleius
908 4076 1016 4139 praebet,
1034 4091 1090 4124 cum
1106 4075 1216 4140 reliquiis
1233 4095 1288 4128 enm
1305 4078 1467 4144 Pompeianae

359 4157 433 4205 Isidis
458 4157 524 4206 sedis
548 4163 598 4207 tum
624 4157 743 4206 Eleusinii
766 4156 859 4206 Cereris
883 4157 978 4221 templi,
997 4157 1145 4221 compositis,
1162 4162 1282 4211 nonnulla
1300 4163 1329 4210 de
1347 4178 1374 4210 eo
1391 4162 1468 4210 stetui

358 4255 429 4304 poeee
445 4239 559 4303 opinetur
574 4256 597 4290 v.
611 4240 634 4288 d.
651 4239 682 4288 H.
698 4240 721 4288 J.
738 4239 845 4288 Bonxnu
860 4239 886 4287 in
901 4241 1018 4289 Adnotat.
1034 4240 1073 4289 ed.
1090 4239 1118 4289 L.
1133 4243 1178 4306 Ap.
1187 4242 1248 4293 Met.
1258 4244 1314 4292 libr.
1322 4243 1366 4301 XI,
1375 4260 1399 4308 p.
1409 4242 1468 4294 107.

360 4319 450 4368 Verum
473 4337 528 4369 cum
552 4321 576 4370 in
593 4337 619 4370 re
639 4321 822 4385 areheeologica
841 4321 963 4385 hospitem
979 4337 1018 4371 me
1035 4339 1086 4372 esee
1103 4323 1208 4373 libenter
1225 4327 1310 4384 fatear,
1327 4325 1357 4374 de
1374 4326 1466 4374 coniec-

359 4408 423 4461 tura,
441 4418 515 4466 quem
532 4419 555 4467 p.
574 4403 706 4452 loe-113
725 4404 825 4467 profert,
844 4403 964 4453 iudicium
980 4405 1042 4454 ferre
1059 4407 1227 4470 supersedebo.

393 4486 418 4545 d)
435 4483 473 4533 cf.
491 4501 511 4534 e.
521 4500 544 4548 g.
561 4484 590 4533 de
609 4484 747 4534 Mithriacie
764 4485 884 4550 mysteriis
905 4502 934 4534 ec
948 4486 977 4535 de
992 4488 1155 4536 monumentis
1171 4486 1262 4535 effossis
1277 4487 1303 4536 F.
1319 4488 1465 4538 unesce-
