3346 5376
754 543 797 609 83

228 730 283 805 τίρν
314 727 428 808 σοφίαν
460 725 511 789 καί
542 727 596 799 rte
628 723 771 789 παιδείαν
803 729 911 790 πάοαν
941 726 1025 798 stete
1048 725 1103 799 τάν
1127 725 1324 804 Αἰγυπτίων·

227 851 355 928 ἐλέγετο
390 849 421 914 δὲ
455 848 524 931 τρία
561 849 612 913 καί
650 847 759 913 είκοοιν
791 846 843 924 έτιρ
878 849 909 912 έν
940 856 1004 921 τοῖς
1034 847 1156 920 ἀδύτοις
1186 846 1326 926 ὑπόγειος

227 973 373 1055 ᾠκηκέναι
408 969 560 1049 μαγεύειν
595 969 811 1048 παιδευόμενος
845 971 902 1036 ὑπὸ
935 979 989 1045 τοῖς
1017 969 1129 1042 Ἴσιδος
1164 1007 1204 1019 -
1238 970 1329 1050 ἓύριον

227 1095 321 1160 αὐτὸν
354 1131 397 1145 -
428 1091 517 1158 ἀλλα
540 1117 575 1157 τε
598 1093 704 1158 πολλά
728 1092 877 1173 τεροίοτια
903 1091 1115 1174 έργαζθμενον,
1140 1092 1192 1157 καί
1218 1091 1253 1166 δὴ
1277 1091 1328 1156 καί

227 1217 277 1281 ε’πί
310 1215 500 1294 κροκοδείλων
531 1217 697 1296 θχούμενον
729 1215 779 1279 καί
812 1213 972 1279 συννέοντα
1001 1222 1064 1287 τοῖς
1090 1214 1206 1294 θνρίοις,
1231 1214 1272 1278 τά
1297 1213 1329 1278 δέ

228 1339 467 1413 ύποπτύοοοντα
503 1336 554 1401 καί
591 1337 737 1402 οαίνοντα
754 1339 757 1344 '
772 1345 841 1409 ταῖς
879 1338 989 1417 ούραῖς.
1026 1336 1112 1417 Quae
1147 1337 1327 1403 Lueianum

228 1483 290 1526 non
325 1482 365 1525 en
398 1459 500 1525 nihilo
530 1458 663 1567 'finxisse
697 1460 790 1524 docet
821 1459 890 1525 Lib.
923 1480 1026 1545 apocr.
1060 1459 1153 1526 Meis.
1186 1480 1216 1544 p.
1251 1456 1326 1536 190,

232 1580 375 1659 11-18,
391 1583 463 1646 ubi
491 1583 648 1664 invenias,
680 1602 760 1667 quae
790 1582 888 1647 verbe
918 1580 1152 1667 pronuntianda
1175 1583 1249 1658 sint,
1274 1579 1328 1656 ε’ἀν

230 1703 316 1784 θέλρς
340 1699 441 1769 έπάνοι
465 1702 653 1782 ιιοριιοδείλου
676 1702 857 1781 διαβαίνειν.

274 1826 397 1892 Deinde
427 1831 460 1891 et
490 1825 661 1903 Homilies,
695 1823 870 1891 Clementis
901 1801 1038 1890 Romani
1067 1845 1147 1910 quea
1170 1824 1328 1902 feruntur,

228 1951 448 2034 inspiciemus.
484 1947 534 2012 lbi
564 1950 598 2012 in
630 1947 727 2012 Hom.
762 1947 787 2026 Ι,
813 1947 844 2025 5,
868 1944 1026 2025 Olemens,
1052 1945 1090 2012 de
1113 1949 1237 2012 animae
1260 1951 1334 2033 post

228 2077 368 2136 mortem
400 2075 485 2135 sorte
515 2068 686 2147 sollicitus,
718 2091 826 2134 seeum
857 2069 934 2134 haee
964 2074 1110 2154 reputat:
1135 2069 1179 2134 Τί
1200 2065 1249 2134 οὖν
1271 2073 1332 2150 χρὴ

230 2200 311 2257 ποεῖν
337 2191 354 2267 ἢ
379 2195 486 2270 τοῦτο;
512 2191 555 2261 είς
580 2189 741 2269 Λίγυπτον
762 2193 960 2271 πορεύσομαι,
981 2191 1033 2256 καί
1054 2199 1116 2263 τοῖς
1138 2197 1196 2255 τῶν
1215 2190 1333 2256 ἀδύτων
1405 2275 1408 2284 .

232 2313 428 2397 ίεροφάνταις
450 2337 485 2378 τε
505 2312 556 2377 καί
574 2314 749 2394 προφήταις
762 2314 997 2394 φιλιονθύοομαι,
1011 2312 1063 2378 καῖ
1077 2312 1182 2392 μάγον
1194 2312 1329 2394 ζιρτύοας

237 2437 285 2501 καί
317 2435 406 2516 εύροδν
436 2436 577 2515 χρήμασι
610 2443 736 2506 πολλοῖς
762 2433 868 2512 ποίου,
892 2431 972 2504 ὅπως
996 2437 1103 2515 ψυχῆς
1128 2436 1329 2514 ἀναπομπύν,

238 2559 288 2632 τίρν
322 2555 491 2637 λεγομένοιν
526 2556 759 2638 νεκρομαντείαν
795 2556 919 2636 ποιύορ,
956 2555 1030 2633 ε’μού
1061 2558 1099 2627 ἀς
1132 2555 1198 2634 περὶ
1230 2555 1331 2638 προύγ-

236 2679 336 2759 ματθς
360 2703 438 2751 τινος
462 2678 701 2757 πυνθανομένου·
729 2680 745 2753 ύ
770 2677 802 2742 δέ
826 2681 933 2748 πεύοις
954 2676 1040 2743 ἔσται
1062 2677 1128 2759 περὶ
1150 2683 1203 2744 τοῦ
1222 2683 1331 2757 μαθεῖν

237 2806 261 2870 εί
286 2805 437 2876 ἀθάνατος
463 2806 480 2878 ἡ
503 2805 606 2883 ψυχή.
627 2806 643 2878 ἧ
666 2802 696 2867 δὲ
718 2809 771 2876 τοῖς
794 2808 901 2884 ψυχῆς
922 2800 1092 2882 ἀπθκριοις,
1114 2796 1159 2866 θτι
1179 2802 1332 2877 ἀθιίνατθς

237 2927 330 3005 ἐστιν,
362 2927 414 2991 ούιι
446 2926 480 2990 εἰι
509 2930 562 2990 τοῦ
585 2933 724 2999 λαλῆσαι
748 2925 765 3000 ἢ
791 2923 842 2989 καί
868 2925 999 2989 ἀκούσαι
1024 2924 1111 2990 ἔσται
1136 2949 1188 3003 μοι
1212 2933 1335 3020 γνῶναι,

237 3049 313 3113 ἀλλ’
336 3047 369 3111 εἰι
393 3051 446 3112 τοῦ
470 3047 598 3126 θφθῆναι
622 3044 723 3124 μένον,
748 3041 798 3110 ἵνα
823 3045 927 3114 αύτοῖι
951 3045 1126 3124 ὀφθαλμοῖς
1151 3045 1216 3111 ίδὼν
1239 3048 1336 3122 αύτίρν

238 3169 378 3249 αύτάρκορ
411 3167 462 3233 καί
496 3169 600 3240 ἱκανὴν
631 3164 794 3248 ἀπύφαοιν
827 3163 902 3247 ἔχοι,
935 3166 969 3229 εἰι
997 3169 1049 3230 τοῦ
1074 3165 1163 3244 μύνον
1187 3171 1335 3249 φανῆναι,

238 3285 284 3355 ύτι
317 3287 417 3354 ἔστιν·
450 3288 501 3352 καί
535 3289 588 3353 οὐκ
612 3285 656 3352 έτι
681 3287 842 3362 δυνήσεται
867 3287 908 3351 τά
933 3293 990 3352 τῖον
1013 3289 1182 3366 θΦθαλμὲιν
1205 3288 1269 3356 ίδια
1292 3291 1334 3356 τά

238 3420 294 3488 τῆς
320 3412 412 3486 ἀκοῆς
428 3408 613 3490 ’ἀνατρέψαι
637 3407 740 3484 ἀδνλα
765 3410 904 3491 ῥύματα.

285 3532 370 3599 Tum
394 3539 427 3598 et
450 3531 626 3618 Apuleium
651 3531 689 3596 de
712 3532 913 3618 Aegyptiace
936 3532 987 3596 sui
1010 3534 1163 3617 temporis
1183 3532 1339 3621 religione

240 3661 360 3722 testem
388 3653 691 3739 locupletissimum,
724 3654 781 3718 ubi
811 3656 845 3717 in
876 3653 1012 3718 seeundo
1037 3655 1340 3744 Metamorphoseon

243 3778 327 3844 libro
360 3778 528 3841 historiam
559 3777 669 3840 meriti
699 3774 793 3839 melis
823 3795 923 3840 novae
946 3781 1065 3861 nuptae
1088 3781 1246 3864 perempti
1269 3781 1344 3844 erti-
1389 3851 1390 3856 ς

245 3901 305 3965 bus
327 3905 444 3976 narrat,
471 3897 668 3964 evolvamus.
705 3897 800 3962 Peter
822 3899 918 3973 enim,
943 3899 1060 3962 misere
1083 3897 1142 3963 filii
1166 3905 1269 3965 morte
1293 3901 1344 3967 de-

245 4021 379 4108 plorate,
415 4022 499 4086 eires
530 4020 568 4084 ad
599 4018 757 4085 ultionem
786 4019 916 4097 inritet;
948 4024 1057 4084 eontra
1086 4020 1214 4100 mulier,
1247 4043 1343 4110 quem

247 4143 446 4209 sanctissime
481 4146 601 4227 potest,
638 4145 765 4206 tantum
800 4139 902 4204 scelus
937 4139 1059 4205 abnuit.
1103 4142 1211 4229 „Ergo
1241 4145 1345 4230 igitur

248 4285 345 4330 senex
374 4261 454 4328 ille’'
488 4299 527 4311 -
559 4267 598 4326 ut
626 4264 697 4346 ipsa
728 4259 848 4346 Apulei
879 4260 1045 4327 afferamus
1069 4264 1175 4343 verba,
1200 4265 1280 4331 Met.
1303 4266 1344 4345 H,

249 4385 294 4452 28
325 4407 374 4478 sq..
404 4421 444 4433 -
479 4385 646 4462 „veritatis
677 4384 848 4450 arbitrium
879 4385 913 4448 in
945 4383 1086 4450 divinam
1108 4388 1345 4472 providentiam

248 4527 451 4594 reponamus.
488 4505 634 4571 Zatchlas
658 4505 745 4572 adest
768 4505 962 4592 Aegyptius,
986 4508 1141 4594 propheta
1164 4513 1345 4596 primarius,
