3346 5376
900 525 964 628 roa

385 709 571 795 quandoque
603 710 704 773 animi
735 711 837 772 status
868 705 963 791 paulo
994 705 1199 781 commotior,
1231 706 1265 768 in
1296 725 1393 790 quem
1424 707 1480 790 qui

384 830 623 908 adducerentur,
659 827 743 893 nihil
773 850 835 895 non
868 847 936 892 sese
967 824 1020 891 vel
1050 825 1210 911 adspicere
1242 824 1405 891 crederent
1428 825 1481 891 vel

385 952 502 1028 audire,
526 952 673 1015 inanium
696 969 805 1014 rerum
830 969 865 1012 ac
888 945 1063 1012 solidarum
1087 945 1269 1010 discrimine
1293 944 1429 1010 sublato.

430 1073 529 1138 Vocat
560 1071 717 1136 Aristides
748 1069 770 1135 l.
794 1069 816 1134 l.
849 1089 910 1150 eos,
935 1070 999 1154 'qui
1030 1068 1092 1132 diis
1119 1067 1315 1144 incubarent,
1340 1081 1482 1131 τετελεσ-

385 1194 504 1270 μίνουο,
536 1198 574 1256 nt
604 1191 704 1256 ferme
735 1190 975 1255 incubationem
999 1209 1074 1253 cum
1087 1189 1277 1252 initiatione
1300 1207 1482 1273 comparare

292 1385 294 1390 ,
383 1313 512 1400 gaudet.
533 1311 594 1379 Ol·
606 1311 692 1376 Orat.
714 1332 791 1376 sacr.
804 1310 857 1388 IV,
871 1332 902 1395 p.
916 1308 981 1375 503
994 1331 1051 1394 sq,
1067 1310 1130 1386 nbi,
1146 1313 1316 1393 antequam
1329 1310 1480 1387 θεοτίμα-

384 1458 453 1507 τονς
478 1436 694 1520 exportaverit
717 1432 854 1512 ὀνείρους,
877 1429 991 1496 multis
1014 1430 1118 1496 modis
1138 1451 1171 1494 se
1191 1451 1258 1494 esee
1277 1430 1481 1516 purificatum

383 1561 500 1634 narrat,
532 1557 583 1620 καί
615 1561 711 1634 τριῶν,
736 1557 781 1620 sic
805 1557 891 1620 enirn
913 1555 1029 1639 pergit,
1054 1552 1071 1627 ἢ
1096 1551 1250 1631 τεττοίρων
1274 1554 1388 1632 ἡμερῶν
1411 1553 1479 1617 δια-

384 1678 552 1755 γενομένων
582 1677 729 1755 γίγνεται
760 1679 846 1757 Φωνίρ
877 1675 914 1740 δι’
947 1675 1107 1754 ὀνείρατος,
1139 1671 1184 1739 tra
1217 1673 1314 1754 τέρας
1345 1699 1380 1740 τε
1411 1674 1479 1758 ἔχον

371 1799 435 1864 ,καί
463 1799 632 1874 κὲτανθαενν
665 1798 733 1864 δέον.
759 1795 792 1872 ἦν
816 1791 864 1862 οὖν
889 1798 921 1862 οὐ
945 1796 1033 1870 αθνον
1057 1805 1169 1878 τελετῇ
1194 1819 1251 1860 τονν
1276 1795 1379 1874 ἐονκθο,
1403 1794 1478 1863 οὕτω

383 1919 466 1984 θείων
489 1943 524 1983 τε
547 1919 598 1985 καί
625 1918 803 1999 ταραδθξων
826 1921 885 1982 τῶν
909 1915 1060 1997 δρωμένων
1085 1915 1185 1996 ὄντων,
1209 1917 1373 1987 sittace)
1398 1919 1481 1984 σανί-

383 2039 480 2106 τνττί
512 2066 541 2106 το
574 2039 752 2116 θαυμαστὸν
776 2039 894 2122 οίαθείρο,
920 2034 990 2114 ἅμα
1013 2038 1069 2114 μὲν
1093 2037 1155 2117 γὰρ
1178 2039 1382 2122 εὐθυμεῖσθαι,
1405 2042 1480 2120 χαί-

383 2187 452 2243 ρεον,
476 2163 506 2228 ἓν
531 2161 663 2233 atatam
689 2158 766 2226 εἶναι
790 2161 843 2226 καί
869 2166 1054 2240 τῆσψυχῆς
1080 2159 1131 2223 καί
1156 2163 1209 2224 τοῦ
1233 2160 1385 2240 σώματος,
1406 2158 1479 2238 θίαοο

386 2285 413 2351 δ’
440 2281 497 2350 olor
522 2285 665 2350 dunensis
689 2283 717 2348 εί
739 2308 814 2348 τοτε
838 2282 955 2357 ταύτην
978 2281 1051 2346 ίδεῖν
1074 2280 1196 2359 ἐξέσταν
1220 2282 1274 2355 τὴν
1300 2282 1425 2366 ἡμέραν,
1451 2284 1481 2348 ἐν

387 2404 474 2489 ἦτορ
498 2407 648 2486 ἐλεύθερον
672 2405 764 2471 αὑτὸν
788 2411 845 2470 τῶν
869 2403 1017 2469 τοσοθτων
1042 2401 1383 2482 τραγαοίτωνίψετοον,
1407 2405 1480 2482 τρίς

387 2529 419 2594 δὲ
450 2528 501 2594 καί
527 2528 654 2594 δεδνθναν
678 2530 721 2604 μή
746 2527 803 2592 τοθ
828 2549 857 2590 rr
881 2531 938 2589 τῶν
962 2524 1094 2590 είοθθτων
1118 2517 1201 2595 αὖθις
1226 2523 1353 2602 συμβὰν
1378 2527 1480 2602 aaut·

387 2673 474 2726 ννταο
509 2657 578 2720 ταῖς
613 2649 678 2728 περὶ
715 2650 772 2712 τῶν
807 2642 884 2711 iano
917 2646 1034 2710 ἐλπίσι.
1072 2644 1159 2710 Haec
1193 2647 1222 2709 si
1252 2666 1314 2709 non
1345 2650 1481 2730 utroque

387 2772 466 2859 pede
499 2768 656 2836 claudicat
686 2770 895 2854 comparatio,
920 2774 952 2832 et
974 2773 1098 2853 mystas
1122 2766 1259 2832 eundem
1281 2769 1315 2830 in
1337 2767 1482 2846 modum,

387 2916 423 2959 ac
456 2892 632 2957 Aristidem
661 2893 746 2956 inter
768 2911 858 2974 spem
883 2895 1070 2973 metumque
1094 2887 1264 2952 fluctuasse
1278 2886 1314 2968 1),
1339 2894 1371 2952 et
1394 2910 1485 2974 quas-

387 3015 461 3080 dam
492 3018 576 3078 certe
607 3010 720 3077 teletas
742 3013 941 3076 somniorum
964 3009 1120 3074 divinitus
1142 3011 1362 3074 immissorum
1384 3016 1483 3075 rettu-

385 3135 459 3202 lisse
484 3137 632 3219 speciem,
657 3131 863 3197 statuendum
887 3136 943 3196 eet.
976 3130 1094 3210 Quodsi
1116 3151 1270 3216 quasnam
1293 3135 1484 3216 spectaverit

386 3255 541 3322 Aristides
566 3254 678 3320 teletas
700 3275 863 3340 rogamus,
887 3274 950 3318 non
974 3251 1140 3330 solemnia,
1159 3259 1196 3318 ut
1215 3275 1241 3319 e.
1254 3275 1286 3340 g.
1307 3253 1481 3331 Eleusinia,

387 3378 441 3444 sed
475 3397 576 3453 sacra,
613 3377 728 3461 quibus
763 3377 968 3440 initiarentur
1002 3374 1140 3461 singuli,
1175 3380 1213 3440 ut
1246 3397 1272 3442 e.
1297 3398 1346 3461 g,¹
1365 3376 1482 3455 Isiaca,

387 3501 594 3584 spectavisse,
630 3518 679 3562 res
710 3499 780 3581 ipsa
811 3495 960 3562 declarat.
1002 3495 1119 3562 Isiacae
1151 3503 1260 3562 autem
1292 3499 1483 3562 initiationis

387 3621 571 3685 meminisse
598 3617 783 3696 Aristidem,
813 3619 894 3684 hanc
918 3618 1105 3702 quoque-ob
1128 3639 1256 3684 causam
1279 3640 1355 3684 vero
1379 3621 1483 3704 proxi-

386 3763 480 3806 mum
502 3738 639 3820 videtur,
664 3739 748 3824 quod
772 3743 803 3802 et
824 3739 1097 3825 Aegyptiacorum
1116 3739 1247 3804 deorum
1267 3739 1482 3806 sacerdotibus

386 3861 588 3928 familiariter
605 3861 766 3938 utebatur,
788 3859 874 3925 Orat.
894 3881 971 3926 sacr.
992 3860 1007 3924 I
1027 3883 1057 3946 p.
1079 3859 1144 3927 452
1164 3867 1196 3926 et
1208 3863 1482 3949 Aegyptiacorum

386 3984 559 4046 numinum
588 3979 692 4046 cultor
715 3986 783 4045 erat
806 3981 961 4046 assiduus.
993 3979 1122 4046 Scilicet
1145 3981 1211 4046 Isin
1233 4003 1268 4047 ac
1291 3982 1424 4068 Sarapin
1446 3985 1481 4046 in

387 4105 518 4166 somniis
542 4103 604 4166 sibi
628 4122 695 4167 sese
718 4101 870 4168 obtulisse
893 4101 1038 4179 affirmat,
1062 4100 1148 4167 Orat.
1172 4123 1249 4168 sacr.
1272 4103 1330 4181 ΙΙΙ,
1350 4126 1380 4189 p.
1403 4102 1479 4182 500,

422 4402 447 4464 1)
472 4401 509 4452 cf.
533 4403 599 4452 Plnt.
623 4403 659 4452 Dc
683 4404 730 4453 fac.
752 4403 778 4452 in
801 4403 852 4450 orb.
869 4401 920 4452 lun.
939 4402 985 4451 28:
1005 4430 1034 4439 -
1052 4405 1143 4465 χαρᾶς,
1161 4403 1213 4452 οίαν
1230 4404 1256 4452 σί
1269 4402 1414 4464 τελούμενον
1431 4403 1480 4465 μά-

388 4496 468 4535 λιστα
485 4483 575 4547 θορύβῳ
593 4485 635 4536 καί
653 4484 758 4543 πτοήσει
777 4482 976 4548 συγκεκραμένην
994 4486 1052 4546 μετ’
1071 4483 1171 4544 ἐλπίδος
1188 4483 1271 4544 ἡδείας
1287 4485 1400 4550 ἔχοντα.
