3346 5376
897 537 960 602 106

381 719 509 795 ferebat,
536 718 601 784 ¹Dio
632 717 796 807 Ghrysost.
828 721 914 785 Orat.
946 718 1003 797 XI,
1035 740 1066 803 p.
1091 717 1167 784 205.
1197 718 1256 784 lid.
1280 717 1394 782 Dind.:
1419 719 1472 783 Ἐν
1536 731 1539 738 ’

383 839 445 917 γὰρ
475 847 538 910 σοῖς
567 837 656 920 Ὥρῳ
686 839 914 922 γεγραμμένοις
938 840 1081 918 ὀνείρασιν
1105 839 1130 904 ei
1155 835 1300 919 ἄνθρωποι
1322 838 1471 910 τοιαύτας
1548 823 1550 826 ’

381 956 467 1040 ὄψεις
497 959 593 1039 δρῶσι,
624 965 674 1025 νῦν
705 961 761 1035 μὲν
785 962 938 1033 demirare
963 961 1160 1042 ἀποθνῄσκειν
1184 957 1235 1022 καὶ
1260 959 1472 1037 σκυλεύεσθαι,

382 1079 479 1146 σαλιν
510 1080 541 1146 δὲ
571 1082 755 1146 ἀνίστασθαι
769 1080 795 1163 1)
826 1096 897 1146 ere.
931 1101 1010 1166 quae
1033 1079 1252 1166 Apuleianum
1275 1078 1474 1156 illudendo

338 1223 341 1229 ·
383 1201 516 1287 profecti
547 1221 660 1266 snmus
684 1202 831 1279 „Accessi
853 1201 1025 1266 confinium
1049 1199 1182 1266 mortis''
1207 1202 1238 1264 in
1263 1205 1405 1265 mentem
1429 1221 1475 1265 re-

367 1337 505 1396 ¹vocant.
541 1323 652 1409 Neque
683 1323 865 1408 negandum
896 1328 953 1399 est,
978 1323 1064 1387 hisee
1086 1325 1170 1387 inter
1192 1342 1225 1386 se
1248 1320 1382 1395 eollatis,
1406 1324 1475 1406 ipsa

381 1443 512 1509 traditio
547 1465 644 1530 quare
678 1445 717 1509 ad
750 1447 852 1510 instar
884 1443 1085 1510 voluntariae
1114 1447 1227 1510 mortis
1257 1449 1289 1508 et
1317 1445 1474 1527 precariae

381 1564 496 1630 salutis
509 1562 535 1646 ⁹)
571 1565 729 1631 celebrata
759 1569 813 1644 sit,
844 1565 924 1632 Met.
957 1565 1014 1644 XI,
1044 1565 1097 1641 21,
1129 1564 1348 1651 Apuleinsque
1379 1585 1476 1650 quare

381 1691 454 1771 post
487 1689 704 1754 initiationem
739 1695 807 1754 tarn
837 1693 1001 1775 permotus
1033 1687 1129 1752 inerit
1158 1689 1276 1765 animo,
1309 1708 1405 1772 qnam
1436 1709 1475 1753 ex

379 1809 450 1892 ipsa
473 1813 561 1892 patet
584 1811 765 1874 narratione
778 1811 814 1890 ³),
838 1809 944 1874 multo
968 1806 1083 1873 melius
1106 1828 1163 1872 nos
1185 1806 1377 1894 intelligere.

415 2036 438 2098 l)
459 2036 598 2095 Seserem,
622 2036 767 2086 Gesohiohte
791 2036 834 2085 der
850 2035 1022 2084 Grieohieohen
1038 2034 1173 2084 Litteratnr
1190 2034 1215 2082 in
1232 2035 1274 2083 der
1290 2033 1475 2084 Alexandrinar-

380 2119 435 2178 zeit,
453 2125 512 2168 tom.
530 2119 551 2177 Ι,
570 2135 594 2183 p.
612 2117 660 2170 876
681 2119 737 2168 adn,
756 2119 815 2180 191)
830 2119 847 2168 1.
865 2118 882 2167 l.
900 2118 960 2166 haee
977 2116 1084 2166 addidit:
1103 2116 1152 2176 „Es
1168 2132 1247 2165 waren
1264 2117 1316 2166 also
1330 2118 1476 2167 ekstatisehe

381 2201 503 2251 Visiones.
522 2201 584 2250 Dass
603 2202 637 2250 sie
655 2207 726 2251 unter
745 2202 799 2250 darn
818 2201 912 2250 Namen
930 2201 971 2249 des
985 2200 1140 2265 Egyptisohen
1156 2199 1240 2249 Gottes
1254 2199 1350 2264 gingem
1364 2200 1397 2250 ist
1408 2201 1477 2252 nieht

381 2285 531 2334 wnnderbar.
557 2284 593 2333 Δι’
614 2284 700 2346 βίβλοι
718 2284 749 2332 αἱ
762 2283 843 2346 ’Ὦρον
861 2282 903 2332 καὶ
916 2281 1009 2340 Ἴσιδος
1023 2283 1130 2332 erwihnt
1145 2283 1207 2331 anob
1221 2282 1325 2342 Latiar,
1339 2283 1405 2333 Gall,
1420 2284 1475 2334 18”.

414 2368 439 2429 2)
466 2367 577 2416 Fortasse
595 2383 644 2415 non
660 2367 733 2431 plane
751 2367 794 2415 abs
812 2383 839 2415 re
856 2366 910 2425 erit,
926 2366 966 2415 hio
983 2366 1117 2424 observare,
1134 2381 1187 2414 eam
1204 2363 1342 2429 opinionem
1358 2370 1410 2413 tarn
1426 2363 1476 2414 late

381 2450 485 2516 populos
506 2449 648 2514 pervasisse,
671 2455 699 2498 nt
722 2456 747 2499 et
763 2455 848 2498 nostra
865 2454 945 2498 aetate
962 2453 1044 2512 gentes
1061 2447 1179 2512 quaedem
1196 2447 1270 2494 Afrae
1285 2445 1401 2510 mysteria
1418 2445 1478 2494 cele-

381 2534 459 2590 biert,
477 2533 564 2597 quibus
582 2531 624 2596 qni
641 2531 777 2591 initientur,
796 2537 821 2580 et
837 2531 899 2580 mori
914 2530 1027 2580 dionntur
1041 2537 1065 2579 et
1079 2529 1180 2588 reuersi,
1195 2529 1225 2580 ef.
1240 2527 1267 2576 L.
1282 2541 1306 2577 v.
1322 2527 1477 2587 hosomo,

383 2615 429 2663 Die
449 2597 632 2664 Geheimbiinde
648 2614 756 2674 Airikas,
772 2614 845 2678 impr.
863 2631 887 2678 p.
906 2613 946 2672 14,
962 2614 988 2661 in
1006 2610 1121 2671 „SammL
1139 2611 1306 2676 gemeinverst.
1320 2610 1383 2659 wiss.
1394 2609 1477 2660 Vort.'’

381 2697 413 2746 N.
431 2698 459 2746 F.
479 2697 535 2746 209.

416 2779 442 2840 3)
459 2778 496 2827 Gi.
515 2795 577 2843 qnae
594 2782 606 2840 5
624 2778 701 2828 1201
720 2779 827 2844 Apuleio
845 2778 978 2827 haedere
996 2776 1130 2826 attulimus.
