3346 5376
707 533 770 600 105

192 720 317 804 preces,
345 715 440 797 111111
480 715 590 795 λόγους
605 715 644 799 ¹),
683 717 903 805 symbolorum
943 722 1282 800 communicationem,

191 841 401 906 suavissimos
436 839 702 926 symphoniarum
736 840 848 906 modos
882 841 1020 907 defuisse
1053 847 1206 928 putamus
1233 862 1282 893 '‘-

190 964 395 1048 consopitum
436 961 543 1040 fuisse,
579 963 626 1026 ita
659 967 696 1026 ut
730 982 749 1026 a
783 963 926 1028 sensibus
949 963 1051 1030 ‘velut
1085 963 1284 1030 abalienatus

189 1061 293 1148 multa
329 1082 507 1168 adspexerit
541 1082 712 1166 mirabilia,
748 1085 920 1148 statuimus
934 1083 971 1166 Β),
998 1088 1161 1170 quaestio,
1186 1107 1290 1171 quam.

189 1205 270 1291 §la
303 1205 481 1290 posuimus,
514 1203 636 1268 sedicet
667 1223 841 1288 quamnam
870 1205 1000 1289 tandem
1031 1207 1072 1271 ob
1093 1227 1221 1272 causam
1244 1207 1284 1272 ad

190 1327 308 1392 Isiacas
340 1325 453 1390 teletas
484 1346 578 1391 nemo
609 1325 766 1390 admissus
789 1327 895 1404 fuerit,
919 1329 982 1391 nisi
1005 1349 1100 1413 quem
1124 1331 1193 1413 ipsa
1217 1329 1283 1408 dea,

192 1451 226 1513 in
257 1448 391 1512 somniis
422 1466 489 1511 sese
521 1448 550 1510 ei
581 1445 721 1525 offerens,
752 1447 792 1512 ad
815 1469 986 1514 summum-
1003 1450 1089 1514 hunc
1113 1449 1286 1516 destinaret

195 1572 359 1646 honorem,
382 1567 474 1633 facile
496 1568 698 1653 persolvitur.
736 1568 809 1634 Non
836 1591 945 1635 omnes
968 1567 1063 1636 enim
1079 1572 1119 1636 ad
1142 1570 1285 1637 ἔκστασιν

196 1694 310 1760 adduci
339 1712 440 1778 posse,
472 1690 526 1756 sed
557 1711 607 1756 eos
635 1692 868 1770 tantummodo,
894 1695 950 1776 qui
973 1695 1199 1759 animi-nimia
1222 1697 1286 1760 sint

193 1814 373 1881 mobilitate
403 1818 498 1898 atquo
528 1815 658 1898 ingenio
689 1812 728 1878 ad
760 1815 883 1878 somnia
905 1815 967 1880 sibi
989 1814 1139 1902 fingenda
1161 1837 1287 1902 promp

193 1939 329 2015 tissimo,
357 1936 453 2020 probe
477 1937 618 2001 sciebant
641 1936 815 2002 sacerdotes
838 1937 1030 2024 Aegyptiaci
1053 1959 1131 2023 quos
1154 1942 1287 2005 somniis

193 2066 224 2126 11
247 2057 496 2143 interpretandis
520 2062 551 2128 11
575 2057 748 2123 excitandis
770 2057 880 2124 sedulo
904 2079 1036 2142 navasse
1060 2081 1188 2144 operam
1212 2059 1284 2146 §15

192 2181 343 2248 vidimus.
379 2178 489 2264 Neque
519 2182 626 2243 tamen
657 2178 775 2244 inutile
807 2181 877 2257 crit,
909 2179 1002 2265 plura
1033 2181 1092 2245 hac
1124 2181 1161 2246 de
1191 2203 1225 2246 re
1250 2185 1285 2246 in

192 2301 336 2368 medium
370 2285 517 2385 proferre.
551 2291 749 2365 Evolvamus
783 2300 877 2365 modo
912 2301 1155 2392 celeberrimum
1189 2301 1285 2368 illum

192 2424 358 2509 dialogum
377 2420 630 2505 Poemandrum3
651 2420 728 2507 quid
743 2420 830 2486 aliud
849 2425 907 2500 est,
924 2425 987 2487 nisi
1003 2419 1159 2502 ἔκστοοσις,
1174 2426 1207 2488 in
1222 2445 1286 2509 qua

194 2543 394 2610 Poemander
422 2541 572 2607 Hermeti
602 2563 669 2607 1111
701 2542 800 2638 offert
813 2546 905 2628 eique
928 2565 1036 2634 rerum
1059 2545 1170 2630 pandit
1192 2547 1287 2632 origi-

193 2663 289 2731 nem?
319 2664 432 2751 Ipsum
463 2663 631 2729 audiamus
653 2662 852 2744 Hermetem,
876 2665 985 2731 Poem.
1013 2666 1052 2731 1:
1077 2667 1212 2741 Ἐννσίοος
1236 2669 1287 2746 μοι’

146 2807 149 2809 ·
194 2811 267 2852 ποτε
299 2784 461 2864 γενομένης
494 2785 560 2866 περὶ
593 2786 651 2849 τῶν
675 2783 775 2868 ὄντοιν,
800 2786 851 2851 aab
876 2789 1124 2866 μετεωρισθείτνις
1149 2808 1207 2867 μου
1230 2795 1285 2862 τῆς

194 2906 324 2978 διανοίας
356 2904 487 2986 addice,
515 2907 767 2986 κοιτοοσχεθεισῶν
790 2932 825 2970 τε
849 2913 906 2972 τῶν
930 2911 1112 2987 σωματικῶν
1136 2933 1195 2987 μου
1220 2911 1286 2974 eio-

194 3028 302 3104 δύσεων
329 3064 371 3077 -
395 3024 533 3106 καθάπερ
557 3028 582 3091 οἱ
603 3029 636 3092 ἐν
659 3023 739 3108 ὕτνῳ
762 3027 971 3109 βεβαρημένοι
995 3030 1028 3094 ἐκ
1061 3030 1144 3110 κόρον
1172 3055 1207 3094 τε
1233 3031 1284 3094 uei

195 3157 306 3231 τροφῆς
333 3149 349 3224 ἣ
375 3149 408 3212 ἐκ
431 3147 524 3213 κότον
549 3149 690 3226 σώματος
712 3186 754 3198 -
775 3147 806 3214 ib
822 3147 863 3225 ξο1
884 3175 953 3216 τινοο
976 3151 1167 3230 ὑπερμεγέθη
1187 3151 1285 3235 μέτρῳ

194 3271 389 3352 deceptorium
420 3270 624 3351 τυγχάνοντα
658 3278 765 3336 acacio
798 3295 856 3348 μου
888 3272 922 3338 τὸ
954 3271 1049 3348 drona
1074 3273 1125 3338 κοοὶ
1151 3273 1286 3352 λέγοντά

194 3418 242 3471 μοι
284 3409 354 3458 κτλ.
406 3391 525 3473 Quidni
559 3413 725 3458 sumamus
759 3393 892 3460 huiusce
927 3394 1049 3482 dialogi
1082 3399 1286 3482 scriptorem,

195 3539 289 3603 quem
313 3515 504 3602 religionem
526 3514 617 3580 illam
640 3537 679 3581 cx
703 3517 910 3604 Aegyptiacis
934 3537 969 3582 ac
992 3515 1121 3584 Graecis
1140 3521 1288 3584 caerimo

195 3641 255 3705 niis
277 3640 417 3703 mixtam
441 3643 607 3722 pernetam
630 3638 779 3704 habuisse
802 3638 889 3704 haud
912 3638 1003 3704 facile
1027 3642 1099 3724 quis
1122 3646 1227 3727 negat,
1248 3641 1288 3706 ad

196 3759 359 3846 exemplar
393 3758 511 3824 Isiacae
545 3761 736 3824 initiationis
770 3759 917 3825 libellum
952 3760 1192 3848 conscripsisse?
1226 3761 1288 3828 Sed

197 3881 283 3947 aliud
319 3885 424 3946 exstat
462 3881 630 3966 multoque
671 3880 866 3946 luculentius
902 3885 1132 3949 testimonium.
1177 3885 1289 3969 ipsum

196 4025 309 4090 nempe
338 4003 465 4069 Horum
487 4003 587 4069 libros
612 4003 649 4069 de
673 4005 804 4069 somniis
828 4003 945 4070 divinis
968 4009 1181 4092 composuisse
1203 4007 1288 4072 fame

229 4267 253 4329 1)
271 4264 307 4316 01.
325 4282 346 4314 e.
363 4279 385 4328 g.
403 4262 475 4326 Hym.
492 4263 567 4312 Andr.
585 4263 614 4312 11
634 4278 669 4328 eq.

229 4349 256 4414 1)
273 4349 306 4398 nt
323 4347 433 4396 eunoun
450 4345 523 4395 verba
543 4345 689 4410 Apuleiana,
707 4346 753 4396 etsi
769 4363 818 4396 non
835 4347 866 4396 ad
884 4363 1002 4408 somnum,
1019 4349 1050 4397 ad
1067 4349 1188 4414 quandam
1201 4353 1288 4398 vtamen

198 4431 285 4480 mentis
308 4428 513 4479 abalienationem
536 4429 615 4487 refert,
639 4427 751 4492 idemque
773 4434 798 4478 11
814 4428 921 4479 Mithrae
939 4429 964 4479 in
980 4431 1101 4496 mysteriis
1119 4432 1225 4482 evenisse
1241 4448 1290 4482 1111-

200 4513 302 4580 picatur,
319 4513 405 4562 Teates
423 4516 447 4561 et
463 4511 531 4562 Mon.
546 4516 604 4562 tom.
622 4510 643 4570 I,
660 4527 685 4575 p.
703 4510 759 4560 323.
