3404 5368
748 1253 771 1338 p
792 1248 842 1315 14.

291 1434 437 1521 Magicae
460 1437 539 1500 artis
562 1455 636 1499 cum
659 1435 828 1500 fecerimus
851 1437 1057 1513 mentionem,
1081 1439 1113 1500 et
1132 1435 1192 1500 hoc
1211 1437 1341 1501 investi·

244 1579 360 1644 gemus
390 1562 524 1643 oportet,
554 1578 710 1642 quaenam
744 1560 813 1622 81118
841 1558 959 1622 fuerint
982 1563 1087 1642 partes
1110 1560 1144 1622 in
1165 1559 1340 1644 mysteriis.

246 1681 336 1761 Quod
371 1682 415 1745 sic
448 1680 602 1746 faciemus
635 1688 690 1757 ut,
729 1679 861 1744 eandem
895 1700 992 1765 quam
1027 1697 1125 1764 supra
1158 1677 1342 1764 disputandi

245 1804 348 1868 secuti
377 1804 543 1878 rationem,
574 1803 721 1888 mysticis
750 1803 847 1866 sacris
876 1822 963 1866 sacra
985 1821 1182 1886 opponamus
1205 1802 1340 1886 magica,

246 1945 388 2011 quaeque
416 1926 500 1988 inter
530 1944 563 1988 88
595 1903 765 1989 habuerint
794 1925 986 2000 communia,
1017 1925 1247 1988 examinemus.
1272 1922 1341 2001 Qua

246 2049 280 2110 in
310 2067 344 2110 re
357 2055 358 2060 ’
373 2067 437 2110 non
468 2047 574 2110 omnia
604 2065 763 2110 recensere
793 2045 853 2110 fert
884 2047 1021 2122 animus,
1052 2044 1107 2110 sed
1137 2065 1173 2109 88
1201 2049 1338 2120 1811111111,

248 2187 327 2252 quae
356 2169 492 2231 maximi
522 2169 586 2231 sint
608 2166 648 2231 ad
670 2169 887 2252 quaestionem
910 2166 1142 2252 profligandam
1165 2167 1340 2243 momenti,

249 2309 412 2374 exponere.

293 2409 447 2497 Mysticos
479 2415 588 2475 autem
612 2412 817 2496 magicasque
839 2412 922 2474 ritus
943 2411 1027 2474 inter
1051 2430 1084 2474 se
1107 2409 1340 2474 conferentibus

250 2529 332 2596 ultro
364 2551 431 2596 sese
462 2530 595 2596 offerunt
619 2531 729 2596 eadem
752 2537 785 2596 81
807 2533 841 2595 in
864 2531 915 2595 his
939 2536 971 2596 81
992 2533 1027 2594 in
1050 2529 1115 2595 illis
1137 2533 1341 2597 caerimonia

248 2674 320 2718 rum
340 2655 478 2718 nomina.
504 2649 732 2719 circulatoriae
752 2655 943 2740 praestigiae
963 2656 1224 2738 operationesque
1236 2653 1341 2730 theur-

247 2777 336 2860 gIcae
353 2771 376 2856 ¹)
407 2773 493 2839 haud
523 2772 596 2838 aliis
627 2779 779 2839 notantur
803 2773 1079 2860 appellationibus,
1105 2795 1202 2860 quam
1226 2795 1341 2862 augus

247 2897 373 2960 tissima
391 2895 444 2961 181
458 2894 703 2974 Samothracica,
716 2895 769 2960 181
781 2877 981 2961 1118881111888
993 2895 1156 2962 8818111818.
1181 2895 1341 2960 Vocantur

247 3020 343 3094 enim,
365 3022 402 3080 ut
420 3015 471 3102 §8
490 3039 521 3102 p.
543 3016 586 3081 26
607 3017 677 3082 adn.
699 3016 733 3098 3)
752 3018 1001 3096 observavimus,
1023 3017 1341 3098 δρώμενο,1888111111

247 3145 280 3204 81
301 3139 454 3217 avenigis
479 3143 511 3204 81
533 3141 672 3204 asserat.

293 3258 455 3340 Quaedam.
477 3259 665 3326 adiiciamus
688 3260 842 3347 exempla.
878 3261 1028 3346 Sophiste
1050 3261 1116 3339 ille,
1141 3264 1198 3347 qui
1221 3261 1342 3346 Hippo-

248 3384 344 3447 cratis
382 3382 441 3446 sub
483 3383 612 3445 nomine
649 3380 798 3446 libellum
831 3382 870 3447 de
903 3383 1013 3448 morbo
1048 3403 1135 3448 sacro
1169 3385 1200 3447 in
1236 3382 1342 3447 lucem

249 3505 366 3588 emisit,
399 3503 437 3568 de
469 3501 608 3588 quodam
640 3503 879 3584 θονμοσονργῶν
909 3525 1025 3590 genere
1049 3506 1094 3568 sic
1117 3503 1277 3589 loquitur,
1303 3502 1340 3566 4:

249 3627 287 3691 El
319 3625 382 3704 γὰρ
413 3626 540 3700 σελήνην
574 3648 610 3687 σε
634 3623 802 3704 susceptor
826 3626 877 3690 1181
904 3622 983 3700 ἥλιον
1008 3622 1172 3706 ἀφανίζειν
1196 3625 1248 3690 καὶ
1272 3646 1342 3705 χεν-

250 3745 337 3827 μῶνοὶ
366 3771 402 3811 σε
434 3745 485 3811 sal
519 3745 617 3820 οὐδίνν
649 3747 758 3811 ποιέειν
790 3746 842 3811 sal
874 3743 1005 3827 ὄμβρους
1037 3747 1089 3811 acl
1121 3745 1266 3826 αὐχμοὺς
1290 3745 1342 3810 nal

251 3869 413 3935 θοὶλοοσσοον
436 3866 545 3950 ἄπορον
569 3866 621 3932 acl
645 3873 704 3944 γῆν
728 3865 840 3948 ἄφορον
864 3867 915 3931 acl
937 3861 1045 3932 σοῖλλοο
1067 3867 1109 3932 σοὶ
1129 3867 1343 3948 τοιουτότροπον

251 3991 358 4057 πάντα
388 3989 591 4069 ὑποδέχονται
623 3989 826 4055 telonarios·
861 3987 924 4054 εἴτε
955 3989 1006 4054 acl
1039 3991 1072 4054 ἐκ
1104 3989 1252 4054 crassior
1281 3987 1343 4054 εἷσε

251 4113 302 4178 sal
327 4109 360 4187 ἐξ
383 4109 483 4185 ἄλλης
506 4110 583 4184 τινὸς
608 4110 730 4190 γνώμης
753 4111 769 4187 ἢ
791 4111 924 4190 μελέτης
946 4111 1025 4190 φασὶ
1046 4105 1097 4176 οἶοι
1118 4135 1151 4174 σε
1174 4107 1250 4176 alum
1272 4127 1343 4177 κτλ.

285 4346 310 4406 1)
332 4342 368 4392 Dc
390 4340 510 4406 theurgia,
533 4356 638 4405 quanam
656 4340 728 4389 luerit
745 4340 831 4404 specie,
849 4311 945 4404 copioso
962 4337 1074 4396 Louucx,
1091 4337 1147 4401 agl.
1164 4343 1223 4388 tom.
1241 4339 1254 4387 I
1270 4338 1314 4388 lib.
1332 4339 1345 4387 Ι

252 4429 312 4490 514,
330 4427 444 4491 quidnam
462 4423 509 4473 11111
525 4439 608 4472 revera
625 4422 737 4482 voluerit,
751 4424 881 4488 prudenter
896 4421 1030 4487 disputavit
1045 4417 1210 4481 Autumnis,
1224 4420 1345 4470 Essaieur

251 4511 276 4560 le
292 4508 451 4559 Gnostioisme
468 4505 587 4572 egyptios,
605 4523 628 4571 p.
647 4506 752 4556 ss-at.
