3404 5368
754 1321 828 1412 §a

288 1507 330 1573 lli
364 1509 402 1574 de
435 1507 544 1572 isiacis
578 1505 683 1572 teletis
717 1510 762 1572 sic
797 1507 987 1592 disputabo,
1028 1513 1065 1572 ut
1098 1508 1158 1572 hoc
1193 1510 1335 1594 primum

242 1633 438 1716 investigare
468 1617 569 1708 coner,
601 1634 713 1697 utrum
745 1628 866 1694 multos
898 1630 944 1693 ibi
967 1632 1061 1695 certis
1083 1631 1204 1694 initiari
1228 1629 1338 1694 diebus

243 1775 283 1818 en
306 1751 451 1840 singulos
474 1753 612 1828 incertis,
637 1753 775 1836 mystica
796 1749 848 1816 lex
868 1751 974 1816 fuerit.
998 1751 1083 1816 Hinc
1096 1753 1215 1816 etenim
1228 1751 1340 1836 depen-

243 1874 317 1938 dere
340 1878 452 1950 cetera,
478 1871 530 1937 vel
552 1892 600 1936 res
624 1873 693 1956 ipsa
717 1871 863 1950 declarat,
889 1871 941 1937 rel
964 1895 1003 1937 er
1023 1875 1074 1950 iis,
1095 1895 1175 1958 quae
1195 1875 1341 1958 proxima

242 1993 449 2081 paragrapho,
470 2013 545 2056 cum
561 1991 854 2058 Samothraciorum
866 1996 1096 2079 mysteriorum
1110 1997 1231 2058 mentio
1243 1993 1341 2072 ficret,

242 2115 415 2192 observavi,
439 2111 670 2200 patetltaque
690 2113 900 2199 Apuleianam
920 2136 983 2180 non
1002 2136 1111 2200 presso
1132 2116 1210 2201 pede
1230 2137 1343 2200 sequar

241 2237 467 2313 narrationem,
492 2240 530 2299 ut
553 2234 678 2302 Zmaow
692 2233 729 2316 1),
753 2235 1278 2317 11111111),Μο1111111113),1111,
1301 2235 1341 2300 ad

244 2379 321 2443 quos
339 2357 436 2444 huius
455 2359 502 2420 rei
515 2357 672 2422 studiosos
685 2355 808 2444 ablego,
821 2357 876 2422 sed
889 2378 925 2422 ea
937 2361 1065 2422 tantum
1076 2357 1149 2422 inde
1161 2357 1338 2434 desumam,

246 2498 326 2564 quae
350 2477 389 2542 ad
411 2498 573 2542 summam
597 2479 814 2563 quaestionem
838 2479 1018 2562 pertineant
1041 2477 1287 2542 diiudicandum.

291 2599 390 2663 Lucio
414 2605 522 2664 autem
546 2601 667 2664 asinina
695 2599 797 2665 adhuc
820 2599 903 2684 pelle
925 2599 1038 2664 induto
1061 2601 1094 2663 in
1118 2602 1250 2664 somniis
1274 2619 1340 2663 sese

247 2721 305 2786 dea
340 2719 430 2785 offert
462 2721 532 2798 Isis,
569 2742 715 2806 eumque,
752 2721 910 2805 quomodo
940 2721 1115 2786 infortunio
1147 2742 1212 2786 sese
1243 2723 1344 2806 possit
1383 2789 1385 2794 ,

248 2845 377 2927 eripere,
409 2842 549 2922 docetl).
582 2841 711 2908 Scilicet
741 2845 887 2929 proximo
918 2843 969 2908 die
999 2846 1029 2908 1.·
1043 2866 1068 2909 e.
1094 2848 1166 2908 ante
1190 2844 1275 2908 diem
1298 2843 1346 2908 III

249 2963 329 3028 Non.
353 2962 449 3028 Mari.
480 2966 654 3050 navigium.
680 2963 755 3028 deae
779 2969 998 3029 consecratum
1021 2966 1103 3028 mari
1126 2967 1347 3029 committetur

249 3083 462 3170 solemnisque
497 3089 612 3170 agetur
645 3105 773 3170 pompa,
809 3087 842 3148 in
877 3105 938 3168 qua
974 3090 1005 3148 et
1039 3087 1164 3168 primus
1198 3085 1345 3169 procedet

249 3205 393 3270 sacerdos
435 3226 579 3270 rosarum
619 3212 744 3270 sertum
783 3204 911 3270 dextera
945 3226 1074 3291 gerens,
1116 3206 1230 3290 quibus
1264 3209 1343 3272 rosis

250 3331 385 3393 comesis
415 3327 534 3393 Lucius
563 3327 677 3392 faciem
704 3329 879 3392 humanam
902 3328 1111 3412 recuperabit.
1146 3328 1212 3394 Nec
1235 3350 1341 3408 mora,

251 3449 380 3525 Lucius,
416 3469 545 3513 excusso
576 3469 695 3530 somno,
726 3451 760 3512 in
792 3448 907 3533 oppido
939 3447 1107 3514 (lenchreis
1138 3450 1194 3513 ubi
1224 3449 1342 3514 festum

254 3569 440 3647 celebratur,
474 3573 558 3634 inter
591 3569 711 3656 popelli
745 3570 872 3634 turbam
905 3570 951 3634 ibi
982 3573 1135 3648 consistit,
1169 3592 1231 3656 qua
1261 3593 1347 3656 prac-

255 3693 364 3756 teribit
393 3712 518 3777 pompa.
554 3691 657 3772 Quam
688 3697 756 3756 tam
779 3691 898 3756 vividis
922 3691 1066 3776 depinxit
1089 3692 1246 3776 Apuleius
1271 3691 1352 3756 colo-

257 3813 361 3891 ribus,
397 3819 435 3877 ut
470 3820 502 3878 et
534 3815 597 3898 ipsi
631 3811 826 3878 solemnibus
861 3815 1012 3877 interesse
1046 3813 1136 3879 nobis
1172 3813 1350 3880 videamur.

292 4055 316 4116 1)
338 4056 369 4104 A.
391 4054 500 4111 erszovss
523 4053 615 4117 Psyche
637 4052 686 4100 und
707 4051 775 4110 Eros,
798 4067 822 4117 p.
847 4050 970 4100 91-102.
993 4051 1029 4100 De
1053 4051 1106 4116 ipse
1129 4051 1267 4100 initiatione
1290 4051 1353 4101 nibil
1378 4065 1382 4076 ⁴

257 4137 315 4186 novi
332 4137 443 4202 proiulit.

209 4251 213 4262 ·
292 4219 316 4282 2)
334 4219 362 4269 (1.
380 4219 493 4275 Lerna,
511 4216 619 4265 Histoire
637 4217 659 4266 d.
679 4216 744 4265 culte
762 4215 803 4264 des
821 4214 1353 4279 1111111111,ρ.111-11611103-111.

292 4302 317 4364 3)
334 4302 362 4352 P.
379 4303 537 4358 Marenem,
558 4299 651 4363 Apulis
674 4298 800 4363 magidor,
823 4297 847 4346 in
872 4297 954 4346 Revue
978 4298 1019 4346 des
1042 4299 1104 4347 deux
1121 4299 1221 4348 mordes
1238 4306 1296 4349 tom.
1316 4301 1354 4358 85,

258 4399 283 4448 p.
301 4383 440 4442 593—596,
457 4382 612 4444 eiusdemque
630 4380 762 4444 scriptoris,
780 4377 881 4444 Apulis,
899 4379 994 4428 Roman
1011 4386 1036 4430 et
1053 4381 1139 4445 magio,
1158 4398 1182 4446 p.
1200 4380 1338 4434 arc-282.

294 4467 319 4527 4)
335 4466 410 4530 Apul.
427 4465 488 4514 Met.
506 4463 549 4523 XI,
568 4463 580 4510 b
599 4478 633 4527 eq.

1196 4560 1210 4606 3
