3346 5376
682 477 749 567 ιον

171 665 289 745 spectra
311 661 509 747 imaginibus
533 661 662 746 speculo
685 664 876 746 repercussis
900 662 1017 727 melius
1040 662 1130 727 reddi
1152 683 1261 749 posse,

171 801 262 865 quom
296 779 477 846 simulacris
509 778 649 865 ligneis?
683 781 789 859 Adde,
821 782 905 868 quod
935 782 1059 848 dicendi
1081 785 1175 874 ratio,
1199 804 1262 870 quc

169 904 268 976 utitur
301 901 403 979 Plato,
427 901 523 968 eliam
546 905 634 969 vocis
657 905 954 988 interpretationem
977 925 1040 969 non
1064 903 1208 970 admittit
1223 904 1259 986 ¹).

140 1036 143 1042 '
169 1022 217 1088 Sic
239 1030 271 1088 ct
294 1022 496 1100 Plutarchus,
520 1027 611 1090 ouius
642 1024 704 1111 frg.
733 1025 771 1090 de
800 1046 850 1090 cn.
874 1025 900 1091 -2
931 1025 970 1090 od
997 1024 1160 1092 Eleusinis
1189 1048 1260 1113 my·

168 1147 259 1210 sterio
299 1145 401 1233 vulgo
436 1147 582 1223 refertur,
625 1153 764 1224 statuas,
783 1147 884 1232 ·quod
924 1150 1041 1226 sciam,
1075 1168 1258 1232 nunquam,

168 1287 254 1352 soepe
296 1269 366 1333 viss
406 1269 441 1330 in
483 1269 616 1332 somniis
659 1287 695 1332 ec
737 1273 861 1353 spectro
895 1269 1059 1348 φάσματα
1095 1276 1189 1335 vocat
1228 1276 1260 1335 et

167 1387 385 1466 φαντάσματα
398 1387 435 1468 1).
469 1389 535 1454 Nec
566 1388 741 1464 Aristides,
765 1391 821 1473 qui
844 1388 931 1454 Oret.
955 1389 1045 1468 XIX,
1070 1413 1101 1476 p.
1126 1390 1192 1456 416
1216 1393 1258 1456 fo·

166 1510 253 1576 buloe
285 1510 325 1576 de
349 1508 471 1588 Cerere,
496 1509 695 1596 Proserpina,
719 1501 927 1595 Triptolemo,
951 1517 1064 1596 utpote
1086 1511 1172 1576 nulli
1194 1533 1256 1576 non

166 1633 344 1697 notissimos
375 1632 416 1696 τά
442 1630 556 1713 elim
580 1634 711 1718 opponit
736 1630 909 1712 φάσματα,
934 1631 1031 1698 sliam
1055 1632 1141 1698 hisco
1165 1653 1257 1698 vocs·

164 1751 241 1818 buIIs
264 1754 396 1818 subiicit
415 1751 691 1839 significationem,
713 1752 798 1819 Oret.
823 1775 900 1821 secr.
922 1753 962 1832 II,
976 1776 1007 1839 p.
1023 1752 1106 1820 467:
1129 1753 1254 1831 ίάματα

164 1875 272 1946 παντὸς
303 1873 400 1947 είδσυι
431 1852 483 1939 καὶ
515 1875 678 1952 διακίνονι
710 1875 796 1947 τινάς
820 1875 936 1955 εὑρήσει
960 1881 1017 1957 (sc.
1042 1879 1098 1962 qui
1121 1877 1184 1944 diis
1207 1879 1255 1941 In·

165 1997 264 2075 oubut)
296 1996 348 2060 καί
380 1996 490 2074 λόγους
524 1997 554 2060 ἐν
584 1999 676 2073 μάκει
707 1997 758 2061 καί
791 1996 953 2075 φάσματα
985 2007 1128 2064 παντοῖα.
1165 1997 1252 2064 Orat.

163 2141 232 2184 secr.
253 2118 307 2195 IV,
327 2141 357 2204 p.
381 2117 464 2183 502:
482 2121 571 2183 Ἔτει
593 2115 710 2200 δεκάτῳ
735 2121 903 2199 περιήκοντι
924 2121 1149 2196 τῆςάσάενείαο
1164 2121 1253 2185 ἐπελ-

163 2241 204 2306 ov
226 2240 347 2320 φάσμα
370 2238 462 2318 ἐλεμε
482 2239 583 2305 τοίαδε
605 2255 687 2318 κτα,
708 2240 793 2305 Orat.
815 2262 892 2306 soor.
917 2240 969 2318 VI,
989 2264 1021 2326 p.
1044 2240 1126 2306 551:
1148 2242 1252 2306 πολλά

162 2365 208 2428 καί
228 2353 398 2440 θαυμαστά
423 2362 536 2443 ἐφοίτα
552 2363 775 2442 φαντάσματα
795 2349 916 2446 άμοντα
936 2363 979 2432 sic
992 2364 1181 2442 Ἐπίδαυρον.
1207 2363 1268 2428 Ac-

159 2485 235 2551 Iorte
265 2487 395 2550 fortune
417 2487 533 2561 evenit,
558 2489 595 2548 ut
618 2483 655 2548 de
677 2485 813 2584 άρριίτοις
835 2483 902 2548 illis
925 2484 1076 2563 φάσμασι
1101 2483 1195 2570 pluro
1217 2486 1253 2548 in

159 2608 298 2672 medium
317 2605 496 2692 protulerit.
516 2606 599 2672 Nam
619 2607 706 2671 Orat.
720 2605 809 2682 XIII,
826 2627 856 2691 p.
870 2604 934 2671 231
950 2603 1086 2672 Graecos
1097 2608 1131 2670 in
1143 2626 1253 2691 pugno

157 2729 330 2811 Salequio
359 2731 458 2794 stiam
488 2735 549 2798 τοῖς
581 2726 639 2792 άπ’
663 2731 833 2798 Ἐλευσῖνος
858 2727 1008 2806 φάσμασι
1033 2726 1159 2791 adiutos
1183 2747 1251 2792 osse

156 2851 298 2917 affirmat.
335 2850 421 2931 Quae
451 2848 615 2930 φάσματα
646 2849 752 2935 qualia
783 2850 913 2926 fuerint,
945 2849 1035 2914 docet
1061 2847 1250 2929 ‘Herodotus

155 2972 236 3049 VIII,
253 2973 308 3051 65,
322 2973 413 3038 docet
424 2975 534 3057 etipse
548 2971 711 3049 Aristides,
729 2970 806 3036 Oret
828 2970 917 3047 XIX,
931 2994 961 3056 p.
973 2969 1039 3034 418
1052 2989 1116 3054 sq.:
1137 2972 1249 3036 συνιού-

156 3119 205 3168 σης
237 3101 292 3166 τῆς
319 3095 501 3175 ναυμαχίας
527 3093 673 3173 ἐξεφοίτα
696 3092 753 3166 μὲν
777 3095 791 3155 o'
815 3094 940 3170 Ἴακχος
966 3093 1244 3172 συνναυμαχιίσιιν,

156 3216 239 3296 νέφας
274 3216 305 3281 δέ
337 3217 460 3296 ίρμηίέν
493 3217 548 3280 ἄπ’
580 3218 751 3285 Ἐλευσῖνος
777 3213 829 3278 καί
855 3212 969 3291 ὑψαίέν
994 3213 1067 3294 ὑπὲρ
1092 3219 1151 3277 τῶν
1177 3220 1246 3279 νεῶν

156 3339 390 3418 ἐγκατέσκηψεν
412 3339 455 3409 εἰς
489 3338 547 3409 πάι
573 3339 631 3402 τῶν
655 3334 822 3414 βαρβάρων
846 3339 920 3405 ναῦς
941 3329 1011 3410 άμα
1031 3335 1073 3398 τῶ
1093 3333 1183 3411 μέλει
1204 3335 1247 3416 τῷ

156 3463 301 3540 μυστικῷ.
316 3458 497 3542 Ξέρξης-δ’
507 3457 635 3538 ἔφευγε,
648 3457 699 3522 καί
713 3459 754 3522 τά
767 3456 879 3531 Μίδαν
890 3455 1058 3536 πράγματ’
1069 3457 1246 3522 άπάιιλντι.

155 3581 199 3650 (lf.
224 3590 257 3649 et
277 3583 365 3648 Orat.
384 3581 428 3647 IV
448 3585 494 3662 (in
513 3582 687 3660 Bacchum)
700 3603 731 3665 p.
746 3579 788 3644 50
801 3598 866 3665 sq.:
880 3580 1003 3658 κάρυκες
1017 3578 1048 3643 δέ
1060 3579 1111 3644 καί
1126 3581 1248 3657 Εὐμολ-

154 3705 237 3771 πίδαι
269 3703 414 3783 πάρεδρον
445 3702 645 3773 Ἐλευσινίαις
674 3702 766 3765 αὐτὸν
792 3702 971 3778 ἐσπάσαντο,
995 3707 1115 3780 καρπῶν
1140 3698 1246 3781 ἔφορον

155 3827 203 3891 καί
227 3832 341 3908 τροφῆς
367 3824 537 3904 άνίράποις.
574 3819 587 3888 ὃ
612 3823 642 3887 δέ
668 3823 764 3902 τούτῳ
789 3821 912 3900 πρέπειν
936 3845 987 3898 μοι
1012 3821 1094 3886 δοκεῖ
1115 3825 1255 3902 προσθείη

154 3973 210 4029 ναι,
230 3947 318 4025 μόνος
337 3949 400 4026 γάρ
420 3953 478 4010 τῶν
498 3947 578 4024 ἱερῶν
599 3945 779 4024 φασμάτων
801 3943 996 4023 ἐξεφοίτησεν
1018 3943 1048 4006 ἐν
1069 3945 1110 4024 τῷ
1124 3943 1244 4026 κινδύνῳ

154 4072 193 4150 τῷ
226 4070 363 4151 Μηδικῷ.
399 4069 426 4134 111
460 4069 575 4156 quibus
609 4067 686 4132 locis
721 4065 797 4154 quid
832 4067 987 4151 sequitur,
1019 4067 1082 4130 nisi
1114 4065 1158 4131 τά
1188 4066 1246 4131 άπ’

154 4209 321 4220 ——n-—n

186 4289 212 4352 1)
230 4288 267 4337 ef.
284 4285 348 4336 Astii
364 4284 479 4333 Loricum
497 4282 650 4332 Platonicum
668 4281 684 4330 1.
701 4297 725 4329 v.
742 4278 842 4343 φάσμα.

185 4371 210 4430 2)
237 4369 273 4420 Cf.
298 4367 448 4416 Glossarium
471 4365 652 4424 Plutsroheum,
675 4363 700 4412 id
723 4369 760 4412 est
784 4361 832 4410 vol.
850 4359 912 4408 VIII
935 4359 972 4410 cd.
995 4359 1166 4425 Wyttenbech.
1188 4360 1205 4410 i.
1222 4376 1245 4411 v.

155 4450 243 4514 φάσμα
262 4458 286 4500 et
302 4449 449 4513 φάντασμα.
