3404 5368
873 1334 895 1420 y
913 1329 963 1398 12.

415 1529 615 1615 Quamquam
636 1531 740 1616 igitur
761 1550 915 1616 magnam
940 1531 1037 1596 fuisse
1061 1529 1285 1618 symbolorum
1307 1531 1341 1594 in
1361 1529 1467 1595 teletis

370 1653 439 1716 vim
463 1650 669 1727 affirmamus,
694 1649 837 1715 multum
862 1656 971 1716 tamen
995 1651 1096 1729 abest,
1119 1657 1157 1716 ut
1176 1649 1331 1738 symbolis
1350 1653 1469 1716 tribua-

369 1793 443 1838 mus
467 1775 584 1838 omnia.
616 1772 762 1857 Namque
790 1794 829 1838 ex
852 1775 950 1838 variis
972 1795 1007 1838 ac
1030 1773 1149 1839 diversi
1171 1775 1298 1860 generis
1321 1775 1470 1838 caerimo

369 1897 431 1959 niis
462 1915 537 1959 cum
568 1892 744 1959 coaluerint
772 1896 939 1980 mysteria,
963 1897 1069 1960 variae
1093 1915 1217 1980 quoque
1240 1896 1470 1979 mysteriorum

370 2013 632 2102 explicandorum
661 2017 799 2080 rationes
830 2015 1004 2100 sequendae
1032 2021 1116 2080 sunt.
1141 2014 1329 2101 Implioatus
1353 2017 1470 2100 quippe

371 2137 472 2202 nodus
501 2159 564 2202 non
594 2158 659 2202 uno
690 2135 818 2202 vinculo
848 2136 956 2202 laxato
988 2136 1134 2216 solvitur,
1167 2159 1225 2202 nec
1255 2159 1318 2202 uno
1341 2141 1470 2201 tantum

371 2257 501 2324 castello
531 2264 713 2346 expugnato
743 2260 962 2324 munitissima
994 2261 1164 2344 capiuntur
1194 2264 1305 2324 castra.
1337 2257 1470 2355 Manent

370 2383 405 2445 in
428 2382 593 2467 mysteriis
615 2401 695 2466 quae
718 2380 757 2445 ad
781 2378 929 2467 symbola
948 2380 1058 2445 referri
1076 2401 1138 2444 non
1163 2386 1305 2466 possunt,
1327 2399 1470 2464 quaeque

371 2501 525 2567 aliorsum
549 2522 605 2566 nos
629 2502 793 2567 devocant.
817 2501 944 2565 Etenim
967 2503 994 2565 si
1013 2503 1041 2564 is
1060 2521 1173 2585 scopus
1192 2505 1260 2564 erat
1278 2501 1469 2563 initiationis

372 2645 408 2689 ac
437 2622 518 2702 finis,
549 2630 587 2687 ut
617 2621 764 2708 symbola
788 2626 1044 2707 proporerentur‚
1070 2622 1248 2708 hymnique
1271 2624 1467 2698 canerentur,

373 2765 469 2829 quam
500 2743 630 2808 tandem
660 2744 699 2808 ob
729 2763 858 2808 causam
888 2742 1055 2807 initiandis
1079 2747 1117 2807 ut
1140 2763 1231 2807 carne
1255 2743 1394 2828 vinoque
1417 2741 1469 2806 ab·

373 2869 537 2942 stinerent,
568 2862 841 2950 praecipiebatur?
873 2865 978 2948 Atque
1009 2871 1045 2928 ut
1069 2865 1269 2949 propositum
1292 2869 1468 2940 teneamus,

374 3005 469 3073 quam
505 2987 545 3051 ob
579 3007 706 3051 causam
742 2986 781 3050 ad
815 2985 930 3050 Isiacae
962 2983 1077 3050 teletas
1109 2984 1338 3050 admittebatur
1365 3005 1469 3062 nemo,

373 3111 436 3174 nisi
459 3129 555 3194 quem
577 3111 647 3194 ipsa
668 3108 735 3185 dea,
754 3111 788 3172 in
807 3109 940 3172 somniis
959 3127 1026 3172 sese
1046 3109 1076 3171 ei
1095 3105 1226 3172 offerens
1245 3107 1284 3172 ad
1304 3128 1470 3172 summum

374 3230 459 3295 hunc
489 3229 662 3294 destinaret
691 3225 866 3294 bonorem?
897 3227 970 3313 Ipsa
996 3233 1110 3314 autem
1142 3226 1268 3313 Apulei,
1296 3228 1380 3293 unde
1402 3250 1467 3314 pro·

375 3351 449 3416 fecti
472 3371 594 3428 sumus,
618 3351 723 3432 verba,
749 3372 863 3436 nempe
886 3348 960 3414 illa:
995 3351 1142 3426 „Accessi
1164 3349 1337 3415 confinium
1359 3353 1474 3445 mortie-

376 3477 408 3536 et
439 3471 557 3537 calcato
588 3471 795 3557 Proserpinae
825 3470 947 3548 limine,
974 3472 1160 3555 peremnia
1184 3477 1292 3536 vectus
1316 3469 1472 3536 elementa

375 3595 532 3669 remeavi;
564 3597 655 3658 nocte
683 3592 787 3657 media
815 3591 884 3656 vidi
906 3589 1005 3656 solem
1029 3589 1160 3656 candido
1185 3598 1402 3656 coruscantem
1424 3591 1472 3656 lu-

376 3716 463 3778 mine
474 3733 481 3791 ;
507 3712 580 3778 deos
603 3713 719 3778 inferos
739 3719 772 3778 et
790 3713 864 3778 deos
882 3733 1014 3798 superos
1033 3714 1149 3776 accessi
1168 3733 1274 3776 coram
1293 3719 1324 3778 at
1343 3713 1472 3777 adoravi

377 3835 415 3900 de
447 3833 638 3920 proxumo,’'
674 3869 715 3882 —
746 3832 802 3898 illa
835 3833 934 3898 verba
967 3832 1007 3897 ad
1041 3831 1187 3919 symbola
1220 3835 1249 3897 si
1281 3833 1472 3913 referuntur,

376 3977 526 4023 reverane
546 3953 686 4020 dilucida
704 3952 806 4020 fiunt?
826 3954 911 4020 Mira
931 3975 1004 4020 sane
1021 3975 1071 4018 res
1090 3975 1165 4019 cum
1184 3952 1318 4020 Osiridis
1329 3957 1474 4020 membra

377 4099 434 4164 per
462 4075 700 4142 simulationem
730 4078 794 4140 sint
824 4077 978 4161 quaesita,
1011 4078 1123 4140 mortis
1156 4097 1189 4140 se
1214 4078 1379 4141 accessisse
1402 4097 1474 4142 con-

328 4283 330 4286 ·
379 4198 491 4262 finium
511 4197 678 4274 affirmare,
699 4195 753 4262 vel
771 4196 844 4262 deos
857 4217 890 4260 se
902 4217 1007 4262 coram
1019 4199 1194 4274 accessisse,
1207 4197 1307 4282 deque
1319 4219 1475 4282 proxumo

382 4318 534 4396 adorasse,
559 4339 633 4383 cum
656 4337 713 4381 nec
732 4318 794 4380 nisi
812 4315 960 4403 symbola
980 4317 1111 4382 deorum
1132 4319 1196 4382 sint
1214 4323 1370 4383 ostentata
1382 4324 1476 4404 atqua

379 4437 553 4526 imaginesl
584 4439 653 4503 lam
684 4437 767 4502 nihil
796 4459 857 4502 non
889 4439 928 4503 ad
959 4439 1105 4525 symbola
1135 4440 1249 4504 referre
1281 4437 1373 4504 licet!
1402 4439 1472 4505 Nisi
