3346 5376
916 507 979 574 126

399 692 480 756 Adv.
512 691 618 762 Haer⁸¹
639 713 670 776 p.
703 689 746 755 96
779 710 856 776 sqq.;
882 691 921 756 cf.
946 695 978 754 et
1001 689 1202 767 Burunnnor,
1227 689 1287 754 Les
1309 685 1496 752 merveilles

399 814 436 878 de
469 797 623 900 I’Egypte
657 834 688 897 p.
724 811 801 877 246.
849 811 910 876 Sed
944 811 983 876 ad
1015 811 1114 876 elium
1145 811 1252 876 locum
1284 816 1496 898 transeamus.

398 915 508 1002 Celsus
532 955 580 1020 ap.
606 933 694 1019 Orig.
718 932 773 1011 IV,
800 932 840 997 10
865 930 1062 1000 Christianos
1080 936 1255 1018 Impiorum
1274 932 1359 1018 apud
1377 931 1497 996 inferos

398 1055 556 1142 supplicia
589 1060 771 1122 enarrantes
806 1054 937 1132 ἐξομοιοῖ
971 1093 1013 1104 -
1049 1064 1111 1128 τοῖς
1150 1057 1179 1120 ἒν
1203 1062 1285 1136 ,τοῖς
1309 1061 1496 1134 ΙΒοοιιχιιιοιῒο

399 1187 542 1249 τελεταῖς
574 1179 616 1242 τοὶ
648 1178 813 1258 φοὶομοιτοο
845 1178 897 1242 recl
923 1178 964 1241 roi
990 1179 1125 1254 δείμοτοο
1149 1177 1375 1256 τροειτιίνοντι,
1399 1175 1439 1240 cf.
1464 1180 1498 1239 et

399 1299 485 1378 VIII,
514 1300 567 1366 48.
592 1339 635 1350 -
659 1300 753 1366 Valet
776 1301 869 1377 δεῖμιι
894 1300 1235 1379 „terriculamentum”
1260 1321 1393 1366 eccum
1416 1319 1495 1366 voce

401 1422 563 1504 „octona”
586 1443 813 1507 nonnunquam
837 1425 1053 1509 coniungitur.
1078 1423 1154 1490 Eur.
1178 1422 1257 1488 Hoc.
1283 1421 1324 1487 69
1349 1443 1395 1506 sq.

670 1575 702 1639 rt
725 1577 795 1640 τοτ’
820 1576 943 1652 ciconas
968 1576 1090 1655 ἔννυχος
1116 1573 1191 1641 οὕτω

670 1696 806 1774 δείμασι,
831 1697 982 1778 φοίομιιοι
992 1717 1001 1776 ;

399 1847 477 1914 Luc.
502 1849 592 1914 Alex.
617 1846 678 1916 47:
704 1848 856 1926 δειμάτων
880 1850 935 1935 ιιοοὶΙ
956 1848 1136 1928 Φοοομοὶτοιν
1161 1849 1212 1913 xci
1238 1845 1370 1928 τεοοὶτιον
1390 1847 1497 1910 ἄτολ-

401 1970 515 2035 acircio
545 1976 600 2052 (se.
632 1970 764 2057 Epicuri
791 1970 944 2052 libellus).
981 1971 1067 2059 Ergo
1096 1971 1156 2036 hoc
1186 1991 1309 2056 quoque
1339 1968 1419 2046 loco,
1439 1968 1497 2032 ubi

400 2094 520 2156 mentio
554 2091 591 2155 fit
621 2093 810 2170 φοομοὶτον,
838 2093 876 2157 de
899 2095 1031 2178 spectris
1056 2081 1174 2178 agitur.
1209 2089 1319 2176 Neque
1342 2088 1496 2154 Bacchica

399 2214 478 2278 haec
500 2215 665 2300 mysteria,
690 2214 806 2299 quibus
827 2216 973 2279 initiatus
992 2214 1099 2289 fuerit,
1120 2212 1325 2296 multumque
1345 2211 1497 2275 tribuerit

399 2330 593 2399 Plutarchus
607 2331 643 2415 ¹),
673 2337 707 2399 in
741 2334 869 2422 angulis
905 2336 944 2400 ab
979 2335 1099 2400 infimis
1134 2333 1305 2420 planorum
1340 2331 1497 2397 celebrata
1584 2417 1586 2424 y

401 2476 467 2520 esse
501 2456 679 2521 contendes.
728 2432 855 2536 Quodsi
883 2463 914 2522 et
948 2458 982 2520 in
1015 2459 1056 2520 iis
1091 2461 1214 2542 spectra
1248 2453 1496 2520 ostendebantur

400 2579 527 2663 mystis,
561 2599 732 2662 quamnam
763 2579 892 2642 tandem
924 2579 963 2643 ob
994 2599 1121 2643 oausam
1151 2580 1185 2642 in
1217 2577 1388 2642 Eleusiniis
1411 2574 1496 2638 facta

401 2719 467 2763 esse
497 2720 662 2786 negemus,
695 2701 832 2783 quaein
855 2698 927 2763 aliis
951 2698 1061 2764 fierent
1084 2695 1268 2786 mysteriis?
1303 2697 1364 2762 Fac
1387 2702 1496 2760 tamen

400 2825 497 2904 neget
520 2823 609 2905 quis:
634 2823 820 2885 testimonia
844 2823 1036 2908 scriptorum
1059 2821 1111 2886 hic
1135 2842 1260 2906 quoque
1285 2839 1414 2884 omnem
1433 2818 1497 2882 exi-

401 2946 496 3005 munt
533 2941 730 3027 scrupulum.
775 2943 921 3028 Namque
954 2943 1038 3029 apud
1072 2941 1258 3025 Platonem,
1293 2940 1428 3006 Phaedr.
1463 2958 1494 3022 p.

401 3063 508 3142 esebo,
529 3067 557 3128 si
575 3086 639 3130 non
662 3065 811 3130 coelestia
835 3070 962 3130 tantum
987 3065 1160 3146 Φοέομοιτοι,
1186 3066 1223 3131 de
1247 3043 1374 3151 quibus*
1388 3067 1494 3148 aperte

397 3187 541 3273 loquitur
571 3188 789 3274 philosophus,
818 3173 926 3254 sedet
950 3189 1162 3267 Eleusiniam,
1188 3210 1268 3276 quae
1291 3190 1399 3294 animo
1425 3187 1493 3250 eius

401 3293 667 3389 obversabuntur,
701 3311 810 3388 „risa”
839 3311 889 3376 vel
913 3312 1077 3398 „spectra”
1102 3314 1278 3388 vertimus,
1302 3306 1408 3374 multo
1432 3327 1496 3372 me-

400 3427 464 3494 lius
494 3451 590 3515 quare
613 3431 690 3496 haec
713 3454 769 3498 nec
793 3436 881 3500 omni
905 3455 943 3498 ex
966 3441 1054 3521 parte
1078 3433 1230 3516 absoluta,
1256 3453 1312 3496 nec
1336 3427 1494 3514 simplicia

401 3571 458 3614 nec
477 3552 613 3617 immota
634 3552 731 3618 fuisse
751 3553 988 3642 significaverit,
1013 3554 1244 3642 intelligemus.
1268 3553 1397 3639 Spectra
1410 3552 1495 3616 enim

402 3692 459 3736 nec
493 3693 654 3757 expressas
689 3695 756 3739 esse
792 3656 950 3763 imagines
981 3697 1038 3742 nec
1068 3675 1240 3762 simplices,
1273 3675 1327 3740 sed
1358 3675 1494 3738 incertas

402 3794 579 3879 variasque,
611 3802 734 3881 spectra
762 3819 824 3864 non
849 3798 905 3862 diu
928 3804 1001 3863 ante
1026 3797 1132 3864 oculos
1157 3798 1328 3870 observari,
1352 3794 1408 3861 sed
1431 3794 1494 3860 cito

403 3935 597 3995 evanescere,
631 3919 702 4003 quis
732 3919 824 3984 fando
847 3941 910 3984 non
934 3915 1091 3984 audierit?
1126 3918 1203 3999 Quis
1226 3940 1288 3983 non
1311 3917 1495 4002 adgnoscat,

438 4141 462 4203 1)
485 4141 590 4192 Uxorem
614 4143 707 4194 scilicet
729 4151 831 4194 mortem
854 4145 919 4194 filiae
942 4146 1065 4210 lugentem
1082 4146 1116 4195 sic
1134 4147 1238 4206 adfatur,
1256 4147 1327 4195 Cone.
1345 4145 1376 4194 cd
1393 4161 1432 4194 nx.
1451 4143 1494 4192 10:

404 4221 452 4270 Kal
469 4222 515 4284 μὴν
532 4223 549 4273 a
566 4229 615 4274 retr
633 4224 717 4276 tenor
734 4226 837 4286 ἀκούεις,
855 4229 881 4278 οἱ
894 4227 1003 4288 πείθοντι
1020 4230 1137 4289 πολλοὺς,
1153 4228 1271 4292 λέγοντες
1281 4228 1313 4288 ὣς
1323 4225 1495 4290 οὖδὺνοῖιδοιμῇ

405 4307 440 4365 τῷ
460 4301 598 4356 διαλυθέντι
616 4309 689 4357 κοινοῦν
707 4307 762 4358 οὐδὲ
780 4311 884 4372 λνιινρόν
901 4309 980 4368 ἔστιν,
1003 4307 1049 4360 οἶδ’
1066 4310 1105 4360 ὅτι
1122 4310 1210 4362 κωλύει
1228 4329 1257 4361 σε
1274 4310 1400 4361 πιστεύειν
1418 4312 1431 4360 δ
1448 4309 1495 4360 τά.

405 4402 471 4447 τινος
494 4390 568 4450 λόγος
590 4390 632 4438 nui
654 4393 688 4440 τοι
712 4394 824 4454 μνττικδι
847 4391 966 4454 σύμβολον
984 4396 1033 4441 τῶν
1049 4393 1103 4456 περὶ
1119 4395 1162 4443 τον
1179 4396 1294 4444 Διόννοον
1312 4396 1461 4458 ὀργιασμῶν,
1477 4395 1494 4445 n

405 4467 523 4530 σύνισμεν
541 4470 662 4532 ἀλλήλοις
680 4474 706 4522 οἱ
719 4478 893 4535 κοινωνοῦντες.
910 4475 1013 4540 (Ecquid
1030 4493 1073 4542 pro
1090 4479 1164 4526 κοινόν
1182 4479 1229 4542 leg.
1247 4475 1292 4534 ἡδύ
1308 4479 1347 4528 vol
1365 4481 1468 4543 ιιοιλονΡ)
