3404 5368
893 533 934 598 64

365 715 420 783 tto.
456 716 504 785 Of.
528 723 569 782 et.
594 739 624 803 p.
649 714 723 780 239.
747 715 1030 790 Ἀλείμματοι
1052 717 1186 802 denique
1205 717 1271 780 καὶ
1292 721 1458 796 λουτροῦ

368 861 524 926 quaenam
547 860 622 904 eura
645 837 788 902 habenda
812 840 864 916 sit,
888 859 918 922 p.
943 838 1009 903 244
1029 841 1232 924 praecipitur.
1256 840 1362 925 Atque
1382 840 1459 904 haee

367 962 497 1047 quidem
530 961 567 1026 de
597 962 821 1045 inscripti0n03
854 981 967 1026 verum
1000 965 1032 1025 et
1063 981 1143 1046 quae
1166 962 1341 1026 Pausanias
1364 962 1460 1027 refert

366 1083 420 1161 IV,
452 1102 543 1160 xxm,
578 1082 608 1159 6,
641 1081 754 1147 lectori
777 1085 811 1145 iu
834 1088 977 1148 mentem
1001 1103 1147 1149 rerooare
1171 1086 1272 1161 iuvat,
1296 1084 1461 1149 Andanioa

367 1225 482 1289 nempe
521 1225 594 1269 oum
634 1195 889 1268 instaurarentur
922 1206 1087 1291 mysteria,
1123 1207 1155 1268 in
1190 1212 1298 1271 monte
1334 1204 1461 1270 Ithome

366 1347 560 1412 magnorum
584 1326 715 1391 deorum
739 1323 862 1402 teletas,
888 1347 965 1410 quae
988 1326 1122 1411 plumbo
1147 1326 1218 1393 albo
1239 1329 1407 1412 inscriptas
1425 1329 1460 1390 in

365 1448 480 1534 hydria
503 1445 750 1512 abscondidisset
774 1447 1000 1529 Aristomenes,
1025 1470 1134 1513 rursus
1158 1469 1225 1513 esse
1248 1448 1385 1513 effossas.

412 1570 557 1654 Denique
588 1574 620 1634 et
650 1571 685 1631 in
714 1567 889 1633 Eleusiniis
919 1572 1082 1656 mysteriis
1113 1570 1222 1635 eadem
1250 1591 1330 1654 quae
1357 1571 1391 1633 in
1415 1590 1461 1634 os

366 1695 443 1757 teris
473 1693 668 1756 invenimus.
703 1691 880 1775 Permultis
911 1694 1028 1777 quippe
1059 1691 1303 1756 lustrationibus
1335 1691 1461 1756 functos

367 1835 434 1879 esse
465 1813 648 1891 initiandos,
681 1812 765 1877 nulli
787 1835 852 1878 non
876 1815 1029 1890 innotuit,
1053 1835 1111 1878 neo
1135 1816 1314 1898 quisquam,
1338 1815 1460 1899 opinor,

368 1935 559 2001 exclamatio
589 1934 647 1998 illa
681 1931 801 2012 „uitale
826 1933 965 2009 μθσται”
991 1934 1067 2019 quid
1092 1935 1152 2000 sibi
1176 1933 1325 2012 voluerit,
1350 1936 1461 2000 neseit.
1572 1926 1574 1930 ’

367 2058 410 2124 m
440 2059 610 2133 ieiunium,
641 2055 747 2140 idque,
771 2061 816 2144 ut
845 2056 1021 2121 verisimile
1045 2062 1103 2131 est,
1128 2078 1184 2141 per
1206 2077 1324 2122 novem
1337 2054 1363 2141 1)
1386 2054 1462 2120 illos

368 2179 434 2244 dies
464 2180 572 2254 festos,
604 2178 780 2242 servabant.
818 2177 940 2258 Quibus
971 2183 1079 2242 autem
1109 2177 1334 2243 abstinendum
1366 2178 1463 2244 fuerit

368 2301 464 2378 oibis,
498 2301 670 2364 memoriae
702 2298 843 2385 prodidit
874 2299 1090 2386 Porphyrius,
1123 2298 1170 2364 De
1200 2299 1280 2364 abst.
1312 2298 1365 2378 IV,
1400 2300 1461 2366 16:

368 2423 631 2504 παραγγέλλεται
674 2423 737 2502 γὰρ
779 2423 931 2486 Ἐλευσῖνι
973 2419 1148 2502 ἀπέχεσθαι
1184 2421 1236 2485 καὶ
1271 2395 1462 2487 κατοικιδίων

368 2547 482 2627 ὀρνίθων
517 2546 568 2610 καί
606 2543 717 2624 ίχθιίων
752 2544 803 2608 καί
840 2542 965 2618 κνιίμων
997 2547 1076 2622 ῥοιαῖς
1110 2566 1145 2606 τε
1176 2543 1228 2608 καί
1261 2544 1375 2621 μήλων,
1408 2542 1460 2608 καὶ

369 2668 476 2742 irione
507 2667 678 2744 μεμίανται
709 2665 744 2730 τί
774 2691 810 2730 τε
841 2667 954 2744 λέχους
978 2662 1119 2743 ἅψασθαι
1145 2665 1195 2730 καί
1220 2665 1255 2730 τὸ
1280 2666 1458 2741 θνησειδίων.

369 2787 418 2855 Of.
436 2797 468 2854 et
484 2789 578 2876 Diog.
597 2789 701 2854 Laert.
720 2787 806 2866 VIII,
826 2787 879 2864 33,
897 2787 985 2852 Plut.
1004 2787 1050 2852 De
1068 2786 1189 2853 sollert.
1208 2791 1306 2853 anim.
1326 2787 1460 2866 XXXV,

371 2910 429 2986 11;
462 2910 533 2977 Ael.
562 2911 649 2975 Hist.
687 2912 784 2974 anim.
816 2909 873 2986 IX,
907 2908 959 2974 65.
984 2909 1114 2974 Hieron.
1139 2910 1220 2975 Adv.
1244 2909 1311 2976 Iov.
1339 2910 1379 2986 ΙΙ,
1408 2909 1460 2975 14.

368 3031 415 3098 De
446 3034 591 3098 castitate
614 3033 648 3094 in
671 3030 846 3095 Eleusiniis
869 3033 1032 3117 mysteriis
1055 3031 1249 3097 observanda
1272 3033 1310 3097 ef.
1335 3033 1460 3096 Arrian.

369 3154 452 3244 Diss.
470 3153 574 3239 Epist.
592 3152 649 3230 III,
665 3171 733 3231 m,
756 3152 814 3218 16:
834 3154 886 3217 οὐκ
904 3152 1018 3228 ἐσθῆτα
1037 3151 1132 3233 ἔχεις,
1151 3151 1185 3228 ἣν
1201 3155 1307 3220 tereto
1325 3152 1463 3233 ἱερνφθν·

369 3273 468 3361 τῆν’),
490 3277 522 3340 οὐ
544 3273 640 3351 κόμην
660 3276 692 3339 οὐ
713 3274 855 3353 στρόφιον
872 3269 929 3338 οἷον
942 3275 996 3352 δεῖ,
1011 3276 1042 3338 οὐ
1054 3277 1167 3354 Φωνθν,
1182 3276 1241 3353 οὐχ
1254 3275 1384 3354 ἡλικίαν,
1402 3278 1462 3358 οὐχ

370 3397 521 3475 ἥγνενκας
541 3397 579 3468 ὥς
600 3397 721 3469 ἐκεῖνος.
741 3396 803 3461 Iul.
825 3397 910 3461 Orat.
932 3396 969 3473 V,
990 3419 1020 3482 p.
1045 3395 1108 3463 173
1128 3418 1155 3461 o.
1174 3397 1232 3462 Ed.
1246 3396 1362 3484 Spanh.
1376 3400 1463 3477 ταρθι

368 3519 539 3592 Ἀθηναίοις
557 3519 582 3582 τί
603 3524 660 3582 τῶν
682 3518 811 3599 ιίρῥθτων
833 3517 1001 3595 αττθμενοι
1018 3526 1174 3596 παναγεῖς
1187 3519 1245 3583 εἰσι
1257 3520 1309 3583 καί
1322 3521 1336 3585 θ
1349 3520 1463 3585 τούτων

370 3640 508 3722 ἐξάρχων
532 3641 712 3722 ἱεροφάντης
738 3640 960 3718 ιίτθστρατται
982 3643 1089 3704 τῖιταν
1108 3640 1162 3714 τὴν
1182 3639 1309 3719 γένεσιν,
1330 3640 1461 3726 Hippol.

370 3765 452 3830 Adv.
472 3763 581 3837 Ham„
601 3784 632 3848 p.
656 3761 737 3826 164:
757 3761 771 3825 θ
791 3761 985 3840 ίεμΦιίντνς,
1006 3761 1059 3825 οὐκ
1079 3761 1326 3840 ιίτικειωμμὲνις
1343 3762 1410 3840 μέν,
1423 3764 1461 3834 ὥς

370 3886 383 3949 θ
409 3887 532 3962 Ἄττις,
565 3882 795 3965 εὐνανχισμένις
828 3883 859 3947 δὲ
890 3882 940 3948 διὰ
974 3883 1093 3947 κωνείου
1124 3885 1175 3948 καί
1201 3889 1307 3949 πᾶσαν
1330 3909 1463 3966 raparu-

370 4007 456 4082 μένος
494 4008 548 4080 τὴν
582 4009 725 4083 σαρκικίιν
760 4005 880 4083 γένεσιν
890 4054 897 4083 ,
933 4005 1066 4070 Hieron.
1103 4005 1187 4071 Adv.
1223 4009 1301 4087 lov„
1337 4007 1369 4084 l,
1401 4004 1461 4070 49:

371 4129 625 4212 „Hierophantae
656 4148 780 4212 quoque
809 4099 1058 4191 Atheniensium
1089 4147 1189 4211 usque
1219 4128 1312 4194 hodie
1342 4130 1464 4194 cicutae

374 4281 544 4290 ῤ-

404 4356 428 4417 l)
445 4355 482 4404 Ol.
500 4355 532 4403 H.
549 4354 572 4403 S.
592 4355 693 4413 suros,
710 4353 756 4402 Dis
774 4354 848 4419 Myst.
866 4370 913 4404 von
930 4353 1021 4415 Eleus,
1037 4371 1062 4420 p,
1080 4356 1119 4404 41.

404 4438 428 4498 2)
451 4437 487 4486 De
509 4437 684 4500 hierophantae
709 4436 828 4501 dIgnitate
851 4438 882 4486 ef.
909 4437 1106 4512 imprimisuquae
1123 4437 1258 4502 dIsputavit
1275 4439 1303 4488 A.
1321 4438 1463 4498 Mouusnn,

370 4520 439 4569 Festo
457 4521 499 4568 dor
515 4519 586 4567 Stant
604 4519 709 4577 Albam,
729 4535 752 4584 p.
771 4519 911 4598 iit-259.
