3346 5376
738 504 800 572 117

223 710 279 774 pro
309 687 374 754 sole
397 693 628 753 monstraretur
649 690 796 765 initiatis,
822 688 876 753 sed
899 693 936 753 ut
958 689 1080 752 initiati
1104 708 1121 752 e
1144 679 1314 754 sacerdotis

219 811 324 878 verbis
356 808 458 876 solem
488 831 521 875 se
551 810 658 875 videre
682 810 859 888 clamantis,
882 809 958 875 solis
981 812 1159 896 imaginem
1184 812 1246 875 sibi
1269 813 1323 876 in-.

219 933 400 1010 formarent,
424 934 652 1007 enarravimus,
684 937 717 997 et
749 931 807 996 hoc
838 952 934 1016 quare
965 931 1005 996 ad
1038 952 1153 996 rerum
1184 934 1314 1017 propius

219 1054 388 1131 accederet,
414 1055 431 1138 ἓ
451 1053 471 1118 2
490 1053 563 1118 data
585 1073 678 1138 opera
701 1055 917 1139 exposuimus.
941 1047 1061 1117 Verum
1085 1052 1190 1117 multo
1214 1055 1313 1119 maio·

219 1195 287 1240 rem
316 1175 422 1239 verbis
452 1173 634 1259 Apuleianis
658 1179 690 1238 et
713 1176 782 1238 vim
805 1176 907 1240 inesse
931 1179 1082 1260 putamus
1106 1179 1138 1238 et
1159 1173 1311 1260 leporem,

219 1295 258 1362 ad
281 1296 445 1360 ecstaticus
468 1296 494 1358 si
517 1294 696 1359 referuntur
718 1296 866 1360 visiones.
904 1293 1027 1380 Quippe
1050 1294 1131 1360 lucis
1153 1294 1312 1390 fulgorem

218 1416 313 1488 radiis
343 1414 418 1480 solis
449 1414 535 1479 hand
565 1413 744 1480 absimilem
776 1415 955 1480 visionibus
985 1414 1051 1480 iliis
1080 1407 1142 1480 non
1174 1416 1309 1483 defirisse

218 1540 341 1624 antiqui
360 1539 436 1602 satis
454 1541 612 1602 testantur
632 1539 810 1622 scriptores.
835 1537 1045 1622 Inspiciamus
1065 1539 1159 1604 modo
1179 1540 1311 1604 Novum
1370 1519 1372 1523 ,

217 1659 468 1734 Testamentum,
500 1661 533 1722 in
566 1679 629 1743 quo
652 1660 779 1742 saepius
801 1657 838 1722 fit
860 1661 981 1724 mentio
1006 1660 1188 1738 ἐκστάσεως,
1212 1661 1312 1747 deque

218 1781 320 1846 Paulo
352 1801 432 1864 quae
463 1784 640 1857 narrantur,
672 1779 917 1858 consideremus,
950 1781 1021 1846 Act.
1052 1783 1113 1869 Ap.
1138 1782 1193 1860 IX,
1219 1781 1257 1848 3:
1283 1785 1312 1848 ἕν

218 1903 248 1967 δὲ
280 1903 321 1983 τῷ
353 1901 540 1982 πορεύεσθαι,
573 1901 693 1978 ἐγένετο
717 1902 810 1998 αὐτὸν
834 1900 969 1981 ἐγγίζειν
994 1913 1033 1984 τῇ
1059 1905 1232 1986 Δαμασκῷ,
1258 1904 1309 1970 καὶ

220 2022 367 2104 ἐξαίφνης
405 2025 630 2104 περιήστραψεν
666 2025 758 2089 αὐτὸν
787 2030 853 2105 Φῶς
885 2023 947 2088 άπὸ
979 2028 1032 2089 τοῦ
1065 2027 1197 2106 οὐρανοῦ,
1230 2026 1321 2113 quod.

220 2149 287 2232 ipse
317 2147 413 2212 refert
446 2144 609 2230 apostolus
632 2146 675 2212 ib.
700 2144 804 2223 XXII,
831 2145 867 2211 6:
893 2145 1037 2224 Ἐγένετο
1062 2148 1094 2213 δέ
1117 2173 1168 2226 μοι
1192 2173 1313 2228 πορευο-

221 2267 298 2349 μένῳ
330 2267 381 2332 καὶ
414 2265 567 2346 ἐγγίζοντι
600 2276 638 2349 τῇ
662 2270 825 2349 Δαμασκῷ
849 2267 916 2346 περὶ
940 2269 1139 2348 μεσημβρίαν
1165 2269 1311 2349 ἐξαίφνης

221 2391 254 2454 ἐκ
273 2393 325 2454 τοῦ
345 2391 466 2469 οὐρανοῦ
488 2387 801 2469 arremarenses
822 2389 923 2454 ἱκανὸν
946 2392 1011 2469 περὶ
1037 2390 1104 2469 sat,
1133 2395 1165 2457 et
1192 2390 1310 2470 XXVI,

223 2510 262 2576 12
286 2532 333 2596 sq.
358 2509 553 2591 πορευόμενος
577 2511 618 2581 εἷς
644 2513 698 2583 τὴν
723 2511 896 2586 Δαμασκὸν
919 2511 991 2587 μετ’
1013 2510 1150 2587 ἔξουσίας
1172 2513 1224 2577 καὶ
1246 2515 1309 2578 ε’πι-
1363 2597 1365 2602 Ι

218 2641 327 2713 τροπῆς
352 2641 406 2706 τῆς
431 2632 515 2710 παρά
540 2638 597 2696 τῶν
622 2631 793 2713 άρχιερέυν,
819 2631 931 2712 ἡμέρας
953 2633 1048 2709 μέσης
1070 2633 1154 2699 κατά
1173 2637 1226 2710 τὴν
1247 2634 1310 2702 ὁδὸν

219 2749 294 2820 εἶδον
319 2790 361 2804 -
385 2753 536 2834 οὐρανόθεν
570 2753 642 2835 ὑπὲρ
666 2755 719 2830 τὴν
743 2755 951 2833 λαμπρότητα
975 2761 1028 2820 τοῦ
1054 2756 1138 2830 ἡλίου
1162 2756 1312 2836 περιλάμ-

218 2881 282 2956 ψαν
306 2901 347 2953 με
370 2877 436 2957 Φῶς
461 2876 512 2940 καὶ
538 2875 604 2950 τοὺς
630 2861 684 2940 oti
708 2876 772 2953 ἐμοὶ
797 2877 1008 2956 πορευομένους
1024 2875 1060 2959 ¹).
1090 2879 1201 2964 Neque
1224 2901 1311 2965 prae·

217 3001 311 3063 terire
346 2998 392 3063 fas
428 3001 476 3062 est
511 3018 590 3083 quae
620 2997 761 3084 legimus
792 2999 888 3084 Apoc.
921 2998 988 3064 Ioh.
1019 2999 1043 3076 I,
1078 2999 1220 3078 10-20,
1253 3002 1309 3065 ubi

216 3120 370 3186 iohannes
390 3121 419 3182 ἐν
441 3119 595 3196 πνεύματι
618 3119 724 3184 Iasum
740 3141 773 3184 se
793 3120 911 3184 vidisse
930 3119 1077 3196 affirmat,
1098 3117 1307 3198 antistitibus

218 3242 310 3305 αὐτοῦ
331 3243 369 3312 ὡς
389 3241 402 3305 ά
424 3239 505 3316 ἥλιος
525 3243 630 3318 Φαίνει
652 3241 680 3304 ἕν
700 3249 739 3322 τῇ
760 3241 886 3317 δυνάμει
910 3241 1015 3318 αὑτοῦ,
1033 3242 1076 3307 ib.
1099 3241 1151 3307 16.
1169 3241 1221 3308 Sic
1232 3247 1264 3308 et
1274 3245 1308 3308 in

216 3361 441 3427 conventiculis
471 3362 648 3448 theurgicis
671 3362 763 3440 ,deos
795 3362 852 3427 ubi
880 3369 1061 3448 appareant,
1084 3385 1237 3450 magnam
1259 3364 1308 3430 Iu-

215 3486 313 3548 minis
343 3483 473 3548 fundere
502 3485 570 3549 vim
593 3505 612 3548 a
636 3483 873 3568 Neoplatonicis
896 3485 1034 3549 traditur
1047 3483 1083 3566 ²).
1120 3483 1168 3552 Of.
1193 3487 1308 3552 Abam-

215 3627 299 3684 mon,
331 3603 372 3682 II,
406 3603 506 3682 4-8,
529 3605 583 3670 sed
605 3607 767 3690 imprimis
789 3604 887 3670 illud:
925 3606 983 3670 Κα1
1009 3607 1068 3681 μὴν
1092 3608 1146 3680 τήν
1169 3631 1208 3684 γε
1232 3624 1307 3672 λεπ-

216 3726 330 3800 τδτιιτα
354 3730 406 3790 τοῦ
430 3725 532 3804 <Doris
556 3727 581 3790 oi
605 3727 661 3803 μὲν
685 3726 739 3790 ieci
766 3729 917 3801 τοσαύτην
944 3727 1180 3806 ἐπιλάμπουσιν,
1204 3731 1241 3800 ὡς
1261 3733 1305 3806 μὴ

217 3847 360 3913 δύνασθαι
380 3855 488 3930 χωρεῖν
509 3849 605 3920 αὐτὴν
625 3847 694 3946 τοὺς
715 3849 908 3924 συματικοὺς
930 3847 1120 3927 ὀφθαλμούς,
1141 3850 1183 3914 ib.
1205 3847 1236 3913 8.
1258 3847 1305 3916 Of.

216 3975 247 4034 et
269 3969 326 4048 HI,
351 3969 389 4036 2:
414 3967 529 4034 ἄλλοτε
553 3970 584 4035 δὲ
608 3969 709 4051 φωτὸς
735 3968 975 4051 ἐπιλάμψαντος
999 3975 1143 4048 λαμπροῦ
1170 3969 1220 4036 καὶ
1247 3972 1308 4050 ἠρε-

247 4242 270 4302 1)
295 4239 368 4289 Hisce
395 4240 424 4288 de
449 4238 509 4287 locis
532 4240 562 4288 cf.
590 4238 623 4288 Η.
647 4239 764 4297 Wuruan,
787 4239 864 4288 Wirk.
888 4239 912 4288 d.
935 4239 1037 4300 Geistes,
1060 4256 1084 4304 p.
1104 4239 1149 4291 171
1169 4257 1204 4304 sq.
1222 4240 1258 4290 Of.
1283 4246 1307 4290 et

215 4323 664 4470 Ιλ210111Βηρ1111οοορ11111ιιορ1ιιϊυιιίυἰ
682 4402 826 4468 quandoque
846 4403 908 4452 Inois
928 4404 1044 4470 mysticae
1065 4405 1162 4454 fulsisse
1179 4403 1305 4470 splendore

219 4490 364 4548 ferebantur,
384 4495 411 4537 nt
428 4491 438 4550 ς
458 4487 487 4536 19
505 4503 528 4552 p.
547 4487 594 4536 112
612 4501 648 4550 sq.
664 4485 777 4535 vidimus.
