3346 5376
752 508 816 574 133

237 692 358 760 vellent
377 694 536 779 imagines
559 692 721 771 obtulisse,
747 699 803 758 eut
826 691 1021 757 Berthelotio
1045 691 1227 770 affirmanti,
1252 694 1332 758 eius-

238 816 323 881 modi
346 817 538 901 praestigiis,
563 813 672 900 quales
694 816 712 899 ᾖ
732 813 775 879 20
799 837 829 900 p.
857 812 919 879 118
943 814 1165 890 indicavimus,
1189 815 1331 881 initiatos

236 938 394 1023 decepisse
413 937 647 1023 hierophantas.
668 935 880 1022 Quamquam,
894 942 932 1001 ut
942 939 1091 1023 ingenue,
1105 937 1182 1022 quid
1195 939 1329 1003 sentiam

236 1060 403 1146 proferam,
435 1058 496 1124 fide
527 1061 632 1124 maius
665 1059 800 1134 videtur,
833 1057 1009 1124 sacerdotes
1032 1057 1247 1124 nobilissimos
1269 1080 1331 1124 non

236 1179 416 1267 plebeculae
436 1187 563 1246 tantum
582 1179 726 1258 stolidae,
747 1181 853 1246 sedet
873 1183 982 1267 magni
1001 1183 1124 1267 ingenii
1136 1183 1215 1246 viris
1227 1179 1341 1246 multa'

236 1325 293 1388 per
323 1300 448 1367 saeoula
481 1303 683 1388 imposuisse.
719 1300 781 1366 Hie
816 1322 941 1387 quoque
968 1299 1098 1367 (1111111
1122 1323 1201 1387 quae
1224 1303 1331 1367 verbis

234 1444 328 1510 supra
359 1422 466 1488 allatis
497 1422 661 1500 addiderit,
694 1421 839 1488 afferam:
872 1461 913 1471 -
941 1444 997 1501 „so
1020 1424 1092 1488 sehr
1110 1425 1181 1489 sioh
1204 1423 1329 1489 freilioh

234 1546 288 1611 das
319 1542 440 1612 Gefiihl
467 1543 611 1630 dagegen
635 1545 771 1620 strtiubt,
797 1543 869 1609 dass
894 1547 981 1610 einer
1005 1545 1059 1610 der
1082 1546 1328 1632 angesehensten

125 1653 129 1660 ⁴
235 1665 474 1753 priesterlioheu
497 1665 671 1730 Beembten
696 1664 750 1730 des
774 1664 970 1732 klassisohen
990 1665 1221 1732 Grieehenlend
1241 1670 1332 1732 einen

235 1787 356 1854 Irrtum
388 1789 594 1873 begiinstigte
627 1786 702 1851 oder
731 1789 924 1874 wenigstens
954 1787 1045 1852 nieht
1077 1787 1253 1865 auflsltrte,
1278 1788 1333 1853 der

234 1933 295 1976 nur
325 1910 384 1977 auf
409 1912 495 1975 einer
524 1909 679 1996 plumpen
710 1909 903 1996 'dtusohuug
935 1910 989 1976 der
1018 1907 1193 1976 Gemeinde
1217 1912 1333 1976 beruht

235 2033 300 2097 und
329 2032 507 2119 abgesehen
529 2051 591 2096 von
615 2030 669 2096 der
692 2036 857 2118 grdsseren
880 2030 1044 2117 Wirkung
1068 2031 1135 2096 sioh
1157 2033 1247 2098 uioht
1270 2032 1335 2098 viel

236 2177 297 2220 von
317 2154 378 2219 deu
396 2153 593 2219 zahlreiohen
612 2151 878 2240 Neohhildungen
898 2153 952 2218 des
971 2152 1202 2220 eleusinisohen
1217 2154 1333 2220 Kultes

237 2275 302 2341 und
326 2275 472 2341 auderem
497 2272 604 2361 Truge
629 2273 870 2339 untersohieden
896 2275 998 2339 haben
1022 2275 1141 2340 kann''.

279 2398 323 2462 At
353 2397 430 2462 haeo
460 2396 498 2461 de
529 2395 741 2461 solemnibus:
768 2397 806 2462 de
829 2396 1033 2483 singulorum
1056 2419 1130 2464 vero
1152 2400 1332 2464 initiatione

233 2519 343 2586 eadem
373 2520 528 2604 suspicari
556 2538 618 2582 uon
641 2521 798 2604 angimur.
823 2517 954 2584 Etenim
978 2541 1052 2584 oum
1076 2520 1131 2598 dii,
1156 2527 1251 2606 atque
1272 2523 1356 2585 im-'

232 2642 346 2727 primis
375 2640 547 2727 Aegyptii,
581 2642 752 2705 somnianti
786 2643 911 2726 saepius
944 2663 1010 2706 sese
1038 2641 1194 2720 offerrent,
1222 2643 1333 2728 quidni
1363 2671 1365 2676 ·

232 2770 265 2828 11
294 2766 435 2847 mystam
465 2764 498 2826 in
530 2782 640 2826 somno
674 2763 867 2840 „eostetioo”
898 2762 970 2828 deos
994 2763 1110 2829 vidisse
1134 2763 1334 2831 statuamus?

232 2881 324 2950 Certe
355 2883 414 2949 hoo
445 2883 579 2949 suadent
609 2882 670 2948 loei
700 2905 739 2948 ex
771 2885 911 2950 Aristide
936 2887 1060 2951 rhetore
1084 2888 1101 2970 §
1128 2883 1167 2952 17
1193 2892 1225 2952 11
1249 2889 1266 2972 §
1293 2887 1332 2951 18

231 3004 332 3084 allati,
362 3007 421 3071 hoe
450 3003 539 3070 11111
572 3026 610 3070 ex
638 3005 834 3070 Poemaudro
866 3007 883 3089 ᾖ
910 3003 949 3072 17
980 3009 1165 3093 exscriptus,
1191 3008 1249 3073 hoo
1273 3007 1333 3073 Dio

231 3125 394 3214 Chrysost.
426 3131 505 3192 1111.
538 3125 586 3192 XI
616 3148 647 3212 p.
673 3125 738 3191 205
772 3126 830 3190 Ed.
855 3125 960 3204 Diod,
996 3129 1052 3193 ubi
1075 3131 1158 3194 iuter
1182 3151 1227 3208 ea,
1253 3150 1333 3214 quae

231 3251 393 3314 exstatiois
425 3250 623 3335 contingant,
648 3250 747 3314 etiam
772 3249 806 3314 11
831 3257 892 3320 τοῖς
918 3251 992 3320 diois
1017 3248 1215 3327 distineatur
1240 3252 1333 3316 refer-

224 3370 296 3449 tur,
324 3373 383 3436 hoo
414 3369 535 3435 Plotini
565 3371 661 3436 verba
691 3370 785 3438 modo
818 3373 985 3456 exscripta,
1018 3372 1077 3437 hoo
1107 3375 1175 3460 ipse
1199 3373 1333 3459 denique

231 3492 398 3577 Apuleius,
432 3494 487 3577 qui
518 3495 636 3578 species
660 3493 793 3558 deorum
816 3495 850 3557 in
874 3495 1006 3558 somniis
1030 3494 1093 3558 sibi
1116 3493 1236 3560 oblatas
1259 3494 1332 3582 plue

232 3613 340 3692 semel,
367 3613 638 3700 quemadmodum
661 3615 678 3698 §
703 3611 743 3681 17
768 3615 921 3692 vidimus,
946 3621 1185 3680 commemorat.
