3404 5368
711 533 753 598 49

178 720 274 796 forte,
298 717 382 803 quod
406 715 501 802 paulo
520 716 699 782 obscuriora
719 721 794 780 sunt
812 716 909 781 verba
930 737 1026 802 snpra
1045 716 1152 795 allata,
1164 717 1281 783 idcirco

178 842 289 906 omnia
311 861 350 905 ex
372 841 413 904 iis
437 837 510 904 elici
533 859 623 924 posse
645 843 808 924 putemus.
873 829 876 834 ’

224 962 325 1028 Plura
348 961 401 1026 hio
424 959 649 1046 perscrutanda
673 964 757 1042 sunt,
781 963 819 1025 ut
839 980 988 1025 eruamus
1009 961 1189 1026 veritatem.
1211 961 1282 1026 Non

177 1083 295 1162 solum,
320 1103 474 1168 quasnam
495 1081 674 1168 adspexerit
693 1102 743 1146 res
762 1080 929 1167 Apuleius,
949 1081 1004 1146 sed
1024 1083 1123 1147 etiam
1142 1102 1281 1168 quonam

177 1228 229 1272 res
252 1206 432 1293 adspexerit
455 1207 572 1282 animo,
595 1203 858 1290 investigandum
878 1209 935 1270 est.
958 1203 1028 1269 lam
1052 1203 1281 1270 Aristoteleum

177 1327 266 1393 illud
304 1329 487 1412 saepissime
517 1324 699 1404 laudatum,
735 1346 900 1411 nunquam
935 1330 1043 1391 tamen
1065 1325 1279 1424 decantatum

180 1452 284 1516 menti
306 1451 453 1527 occurrit,
477 1447 546 1520 τοὺς
570 1447 767 1526 τελουμένους
787 1449 819 1514 αθ
840 1449 949 1526 μαθεῖν
968 1472 998 1514 τι
1019 1449 1090 1527 δεῖν,
1110 1449 1197 1514 ἄλλα
1218 1475 1279 1514 πα-

183 1573 242 1638 θεῖν
265 1571 317 1636 καῖ
345 1571 516 1646 διατεθῆναι
541 1571 719 1648 γενομένους
744 1571 880 1644 διιλννθνι
906 1570 1090 1645 ἐπιτηδείους
1105 1568 1141 1653 ¹).
1167 1571 1279 1658 Ipsum

182 1700 291 1759 antem
327 1692 501 1779 Apuleium
533 1695 559 1757 si
591 1693 740 1758 audimus
769 1713 909 1777 quonam
944 1695 1045 1757 animi
1079 1693 1176 1758 luerit
1209 1702 1282 1780 post

184 1819 397 1882 initiationem
420 1821 517 1893 statu,
542 1821 754 1893 enarrantem,
779 1817 979 1882 caerimoniis
1001 1816 1282 1882 vehementissime

189 1939 279 2003 fuisse
304 1943 491 2024 permotum
514 1936 651 2002 libenter
673 1936 864 2002 fatebimur:

232 2061 365 2137 ,Paucis
379 2058 491 2124 dehinc
504 2061 538 2136 (i.
549 2080 575 2124 e.
589 2061 769 2124 initiatione
782 2061 923 2144 peraeta)
935 2059 1055 2124 ibidem
1068 2062 1102 2138 (i.
1111 2081 1137 2124 e.
1151 2080 1239 2125 sacra
1249 2063 1284 2126 in

189 2181 271 2262 aede)
298 2186 513 2246 commoratus
538 2181 648 2246 diebus
673 2180 891 2267 inexplicabili
915 2180 1079 2267 voluptate
1100 2186 1281 2264 (νεμεῖν)

185 2301 350 2367 simulacri
373 2302 474 2367 divini
497 2303 691 2388 perfruebar,
715 2301 978 2368 inremunerabili
997 2305 1114 2387 quippe
1132 2302 1281 2368 beneficio

181 2428 381 2512 pigneratus.
406 2423 468 2490 Sed
486 2424 614 2489 tandem
634 2425 709 2490 deae
729 2427 865 2503 monitu,
885 2424 961 2490 licet
978 2446 1043 2490 non
1061 2424 1154 2511 plene
1173 2430 1280 2490 tamen

181 2569 240 2634 pro
270 2567 344 2612 meo
372 2544 502 2611 modulo
527 2545 691 2632 supplicue
715 2548 829 2633 gratiis
851 2545 1032 2633 persolutis,
1055 2546 1180 2611 tardam
1203 2549 1280 2611 satis

183 2671 420 2735 domuitionem
450 2689 608 2754 compare,
639 2671 694 2733 vix
725 2668 873 2754 equidem
900 2669 1043 2754 abruptis
1067 2669 1283 2735 ardentissimi

184 2792 335 2858 desiderii
366 2789 560 2855 retinaculis.
591 2789 786 2856 Provolutus
817 2790 952 2877 denique
983 2798 1057 2857 ante
1080 2798 1283 2878 conspectum

185 2914 264 2978 deae
284 2917 316 2976 et
332 2911 412 2976 facie
428 2931 500 2976 mea
512 2910 569 2975 diu
581 2911 714 2976 detersis
726 2914 873 2998 vestigiis
885 2914 999 2993 eius2),
1012 2912 1154 2978 lacrimis
1167 2915 1284 2980 obortis

185 3033 336 3121 singultu
355 3034 462 3098 crebro
481 3055 658 3099 sermonem
679 3033 871 3099 interficiens
892 3037 1036 3105 etvarba
1048 3037 1203 3102 devorans
1216 3040 1284 3103 aio:

237 3155 307 3235 „Tu
337 3155 466 3240 quidem
497 3159 603 3220 saneta
634 3161 666 3220 et
695 3155 829 3220 humani
859 3159 985 3242 generis
1009 3161 1195 3243 sospitatrix
1218 3180 1286 3244 per-

185 3283 286 3366 petua
315 3297 439 3362 semper
461 3277 604 3342 fovendis
627 3275 815 3342 mortalibus
837 3277 997 3356 munifica,
1023 3279 1149 3346 dulcem
1172 3283 1285 3346 matris

186 3400 399 3467 adfectionem
426 3401 617 3463 miserorum
640 3399 764 3463 casibus
786 3400 911 3466 tribuis.
936 3400 1001 3466 Nec
1025 3402 1092 3468 dies
1114 3423 1171 3468 neo
1194 3406 1284 3488 quies

187 3522 259 3588 ulla
283 3543 318 3586 ao
340 3543 379 3586 ne
403 3525 603 3586 momentum
628 3520 757 3605 quidem
779 3525 873 3587 tenue
896 3525 962 3587 tuis
986 3527 1175 3589 transcurrit
1197 3525 1287 3604 berre-

189 3644 271 3709 fioiis
306 3645 456 3720 otiosum,
492 3645 569 3728 quin
603 3644 685 3707 mari
720 3649 865 3728 terraque
900 3650 1049 3730 protegas
1080 3646 1225 3711 homines
1257 3653 1289 3712 et

192 3764 335 3852 depulsis
364 3767 450 3830 vitae
480 3762 627 3850 procellis
659 3763 833 3829 salutarem
862 3767 1007 3852 porrigas
1031 3767 1204 3847 dexteram,
1229 3789 1291 3852 qua

193 3888 334 3953 fatorum
368 3889 465 3952 etiarn
499 3885 762 3950 inextricabiliter
795 3892 940 3951 contorta
973 3893 1123 3952 retractas
1157 3887 1230 3952 licia
1260 3894 1292 3952 ct

193 4011 355 4076 Fortunae
383 4013 589 4094 tempestates
619 4010 752 4094 mitigas
783 4013 815 4072 et
841 4007 1007 4073 stellarum
1031 4013 1143 4074 noxios
1167 4015 1292 4075 meatus

195 4178 369 4188 ——-——

231 4287 255 4347 l)
272 4287 318 4349 Ap.
336 4283 418 4348 Synee.
435 4281 507 4330 Dion.
525 4296 548 4345 p.
566 4280 599 4328 48
617 4279 654 4328 ed.
671 4278 756 4327 Petav.

230 4367 255 4428 2)
278 4366 315 4416 Ol.
338 4365 436 4415 Heliod.
459 4363 531 4414 Aeth.
555 4361 610 4420 VII,
634 4363 657 4420 8,
682 4361 724 4409 nbi
748 4360 872 4420 Calasiris,
896 4361 969 4410 Isidis
986 4363 1096 4432 sacerdos
1114 4363 1251 4428 primarius,
1268 4366 1294 4415 in

196 4450 256 4499 aede
277 4450 337 4498 deae
357 4447 438 4510 ῥίπτει
456 4447 501 4507 μὲν
517 4442 593 4494 αθτδν
612 4442 653 4492 ἐπὶ
671 4444 806 4504 πρόσωπον,
825 4444 879 4500 τοῖς
897 4440 1005 4506 δ”θχνεσι
1023 4446 1135 4509 προσφὺς
1152 4449 1198 4495 τοῦ
1214 4445 1296 4510 ἀγάλ.

198 4549 329 4593 paroc...

1134 4629 1150 4675 4
