3404 5368
895 539 939 605 28

368 723 572 790 Eleusinium
603 745 728 789 sacrum
759 721 907 791 Olemens
939 723 1044 804 δρᾶμα
1076 723 1223 800 μυστικὸν
1246 729 1357 802 vocat,·
1385 724 1470 809 quod

366 847 500 911 fortasse
520 848 616 910 nimis
634 852 770 933 anguste
788 848 1040 932 interpretantur
1058 849 1114 930 qui
1130 845 1169 910 ad
1181 847 1319 931 speeiem
1331 847 1471 912 scenicae

368 968 695 1034 actionis.referunt”.

411 1089 569 1175 Equidem
592 1111 655 1154 non
677 1088 796 1154 infitias
819 1089 881 1167 ibe,
907 1089 1025 1153 festum
1044 1088 1258 1165 Eleusiniam,
1278 1109 1353 1152 cum
1372 1091 1470 1153 sacris

364 1214 398 1276 in
417 1212 565 1276 noctibus
585 1210 638 1276 vel
658 1213 868 1276 recitarentur
892 1209 1009 1295 hymni
1031 1209 1085 1276 vel
1108 1215 1306 1293 canerentur,
1331 1230 1470 1295 cumque

366 1333 522 1416 quaedam
545 1333 709 1397 interdum
740 1329 893 1396 fabularis
916 1332 1068 1396 historiae
1091 1335 1164 1397 ante
1189 1330 1297 1396 oculos
1320 1351 1471 1416 poneren-

367 1459 420 1518 tur
455 1457 660 1520 imitamenta
694 1454 915 1534 (μιμήματα),
952 1455 1089 1537 speciem
1124 1451 1295 1537 aliquando
1329 1454 1470 1518 scenicae

365 1578 518 1642 sumsisse
539 1577 682 1652 actionis,
704 1573 976 1660 quemadmodum
996 1579 1028 1639 et
1048 1595 1095 1652 ea,
1114 1593 1194 1660 quae
1206 1573 1296 1638 festis
1308 1571 1469 1640 Ecclesiae

366 1693 549 1762 Catholicae
575 1695 696 1773 diebus,
722 1715 865 1780 quaeque
888 1697 922 1760 in
941 1694 1174 1760 Salutariorum
1196 1694 1469 1781 peragividemus

364 1815 605 1894 conventiculis,
630 1817 717 1881 haud
740 1837 810 1882 raro
834 1816 1000 1882 theatralis
1018 1815 1088 1881 ludi
1107 1817 1259 1902 praebent
1270 1816 1467 1902 adspectum.

306 2024 311 2036 Ι
363 1938 426 2004 Sed
457 1958 520 2022 quo
548 1941 654 2026 magis
675 1959 725 2003 res
746 1940 831 2003 inter
853 1959 886 2002 se
911 1936 1034 2002 similes
1057 1942 1142 2020 sunt,
1166 1959 1203 2003 eo
1226 1940 1332 2025 magis
1357 1957 1468 2004 caven-

364 2060 442 2124 dum
473 2065 531 2137 est,
556 2081 594 2124 ne
619 2059 737 2125 diversi
759 2061 886 2145 generis
909 2080 958 2123 res
982 2058 1097 2124 iisdem
1121 2060 1226 2125 verbis
1248 2060 1466 2144 designentur.

363 2179 482 2260 Quodsi
513 2182 637 2245 scenica
663 2182 911 2266 repraesentatio
936 2180 1094 2245 eiusmodi
1116 2179 1327 2266 intelligenda
1352 2185 1400 2246 est
1422 2201 1468 2246 re·

362 2305 585 2386 praesentatio,
604 2305 639 2366 in
659 2322 721 2388 qua
740 2301 906 2387 loquentes
924 2322 1075 2386 personae
1096 2306 1283 2367 canentesve
1294 2305 1328 2366 in
1341 2321 1468 2366 scenam

362 2425 486 2490 inducti
517 2424 660 2490 fabulam
688 2425 727 2489 ab
750 2425 843 2488 initio
867 2423 1028 2488 adfinem
1052 2423 1162 2488 ordine
1184 2428 1350 2508 peragant,
1374 2421 1468 2488 llleu·

362 2549 482 2611 sinium
506 2567 642 2624 sacrum,
668 2549 736 2612 sive
761 2566 836 2609 cum
860 2542 1024 2610 Clemente
1049 2543 1153 2624 δρᾶμα
1178 2562 1281 2627 vocas,
1304 2546 1371 2609 sive
1391 2565 1466 2609 cum

360 2670 473 2733 ceteris
492 2667 701 2752 scriptoribus
724 2665 870 2746 δρώμενα,
891 2668 1014 2732 scenice
1035 2672 1118 2731 certe
1137 2667 1384 2751 repraesentatio
1404 2685 1466 2730 non

361 2789 425 2854 fuit
439 2789 474 2869 ¹).
493 2788 639 2873 Denique
659 2809 786 2854 causam
806 2810 870 2854 nou
887 2788 990 2871 video,
1011 2810 1068 2853 cur
1083 2789 1298 2852 initiationem
1312 2787 1467 2872 ambigua

361 2911 469 2994 potius
491 2930 580 2988 voce,
604 2929 667 2994 qua
686 2930 748 2974 non
768 2911 831 2973 nisi
852 2929 935 2973 unus
955 2909 1160 2994 antiquitatis
1173 2897 1310 2992 scriptor
1322 2909 1364 2971 sit
1376 2928 1464 2986 usus,

362 3030 578 3117 designemus,
600 3051 697 3115 quam
716 3050 794 3097 voce
813 3050 870 3114 per
889 3034 992 3094 totam
1011 3030 1240 3113 antiquitatem
1259 3028 1344 3113 apud
1356 3049 1466 3094 omnes

361 3152 584 3216 usitatissima.

409 3270 457 3335 De
487 3272 593 3336 verbis
623 3293 742 3358 pugno.
775 3271 837 3337 Sed
867 3292 917 3337 res
947 3273 1018 3357 ipsa
1047 3270 1202 3335 aliorsum
1233 3290 1290 3334 nos
1321 3269 1464 3335 devocat.

361 3391 496 3456 Fuerint
514 3391 636 3457 seilicet
654 3391 807 3457 fabularis
827 3392 981 3477 quasdam
998 3393 1151 3474 historiae
1162 3392 1466 3476 repraesentationes

361 3512 536 3578 Eleusiniis
567 3515 732 3600 mysteriis
765 3534 840 3578 oum
871 3511 942 3577 aliis
966 3533 1151 3580 communes
1176 3511 1382 3589 solemnibus,
1406 3511 1467 3576 hoc

361 3639 445 3699 certe
468 3633 536 3698 illis
558 3634 719 3720 peculiare
744 3641 819 3713 erat,
841 3635 925 3719 quod
943 3636 1061 3720 mystis
1081 3635 1150 3698 vita
1170 3633 1326 3698 defunctis
1339 3633 1466 3696 beatam

361 3755 557 3840 spondebant
579 3755 870 3822 immortalitatem.
895 3756 981 3822 Nota
1004 3755 1127 3840 loquor,
1152 3774 1295 3840 quaeque
1318 3755 1352 3816 in
1375 3751 1466 3818 nulla

361 3897 424 3941 non
444 3876 482 3941 de
502 3880 666 3964 mysteriis
686 3879 831 3943 invenias
851 3877 1078 3961 disputatione.
1101 3873 1188 3939 Illud
1201 3878 1310 3939 tamen
1322 3892 1466 3958 premen-

398 4091 420 4150 1)
447 4089 483 4137 Of.
507 4105 569 4153 quae
594 4088 657 4137 Cras.
685 4088 849 4136 Lenaeum
872 4086 911 4134 Sa.
939 4086 964 4134 in
991 4085 1156 4150 disputatione
1181 4085 1236 4149 plus
1263 4084 1338 4133 semel
1363 4082 1465 4131 laudata

359 4188 384 4236 p.
402 4171 450 4218 415
469 4170 582 4220 coniecit:
605 4209 618 4228 ,‚
625 4170 678 4233 -je
698 4170 799 4219 retablis
819 4168 908 4216 l’ordre
924 4168 965 4215 des
983 4167 1186 4232 representatione
1203 4168 1232 4216 de
1249 4167 1274 4214 la
1294 4166 1350 4215 nuit
1370 4162 1450 4213 sacris

361 4255 385 4314 1)
402 4253 428 4301 la
445 4252 511 4300 table
528 4252 557 4300 de
574 4252 733 4301 l’institution
750 4252 780 4300 de
797 4249 977 4314 l’agriculture;
996 4249 1020 4311 2)
1035 4249 1060 4298 la
1076 4250 1142 4298 table
1157 4251 1198 4299 des
1214 4265 1311 4298 amours
1321 4249 1351 4297 de
1359 4246 1464 4311 Jupiter,

361 4337 390 4384 da
417 4331 468 4382 Deo
495 4340 519 4383 et
544 4334 573 4383 de
597 4335 752 4399 Proserpine;
779 4335 803 4395 3)
828 4331 923 4381 l’union
949 4332 1070 4396 myrtique
1095 4334 1124 4382 de
1146 4332 1326 4398 l’hie‘rophante
1351 4336 1375 4379 et
1392 4330 1421 4378 de
1437 4328 1464 4377 la

359 4415 477 4481 prdtresse
501 4431 560 4464 aveo
582 4415 745 4465 intcrventiou
768 4415 797 4464 de
820 4412 926 4462 Vdnns’'.
949 4412 1013 4478 Ergo
1036 4415 1082 4464 hoc
1106 4431 1201 4484 quoque
1227 4414 1350 4484 peculiare
1377 4410 1464 4464 habuit

363 4497 446 4561 δρᾶμα
464 4498 595 4558 μυστικὸν,
613 4505 640 4548 ut
657 4499 751 4548 inverso
770 4498 853 4548 ordine
870 4502 988 4564 ageretur.
