3404 5368
763 505 806 575 47

230 687 383 774 legimus.
415 687 603 773 Quicunque
630 688 688 754 hac
714 687 752 754 de
781 710 816 754 re
845 692 964 755 certius
994 689 1116 777 aliquid
1147 711 1335 778 cognoscere
1368 729 1371 735 ·

232 812 333 896 cupit,
354 811 384 874 is
414 808 505 874 adeat
535 830 647 874 moneo
677 809 787 876 Lafaei
816 833 896 897 opus
919 813 1045 898 saepius
1066 815 1132 877 iam
1156 811 1334 892 laudatum,

231 932 291 997 nbi
321 930 478 997 eiusmodi
508 929 632 1018 flagitia
658 951 676 997 a
697 929 789 998 cultu
811 931 911 999 Isiaco
933 931 1030 1021 longe
1053 934 1180 1013 afuisse,
1205 937 1336 1022 egregie

234 1052 488 1118 demonstratum
511 1057 560 1118 est
575 1051 609 1134 ¹).

280 1171 433 1241 Ceterum
455 1172 655 1260 Hippolytus
677 1172 770 1239 Isidis
793 1195 882 1240 sacra
900 1176 1038 1241 strictim
1058 1181 1186 1241 tantum
1206 1177 1333 1262 attiglt;

232 1318 297 1362 non
321 1297 408 1362 enim
423 1297 451 1360 is
470 1301 546 1374 erat,
564 1297 620 1381 qui
637 1316 687 1361 res
705 1298 860 1384 mysticas
877 1303 1023 1362 accurate
1042 1295 1206 1383 explorare
1226 1295 1337 1361 diluci-

233 1417 336 1504 deque
360 1438 515 1504 exponere
536 1424 671 1484 curaret.
703 1418 774 1484 Non
793 1421 900 1484 omnia
919 1417 1040 1484 scilicet
1057 1421 1092 1483 in
1111 1419 1276 1507 mysteriis
1296 1416 1337 1482 ad

192 1622 196 1630 Ι
231 1559 355 1606 sacram
373 1541 565 1625 pertinuisse
580 1537 733 1617 fabulam,
746 1538 800 1606 sed
812 1547 844 1606 et
856 1539 938 1606 alius
949 1543 1074 1628 generis
1085 1541 1291 1606 caerimonias
1301 1541 1336 1603 in

230 1665 273 1727 iis
297 1663 469 1740 exstitisse,
493 1661 583 1728 docet
605 1661 836 1729 Plutarcheum
859 1662 941 1728 illud
960 1665 995 1728 in
1018 1661 1076 1728 lib.
1101 1662 1139 1728 de
1162 1661 1203 1727 le.
1228 1666 1261 1726 et
1284 1659 1336 1726 Os.

231 1781 286 1862 27,
321 1787 354 1850 οὐ
384 1783 513 1872 περιεῖδε
538 1784 593 1870 (sc.
613 1778 708 1864 Ἶσος)
732 1783 800 1856 ποὺς
826 1781 935 1856 ἄθλους
960 1784 1010 1850 καὶ
1034 1783 1104 1858 τοὺς
1128 1785 1264 1862 ἀγῶνας,
1289 1777 1337 1854 οὓς

231 1906 361 1984 ἀνέτλη,
382 1905 434 1970 καὶ
455 1906 580 1978 cascar
601 1905 707 1984 αὑτοῖς,
728 1905 780 1970 καὶ
802 1908 908 1971 πολλοὶ
928 1905 985 1984 μὲν
1004 1904 1082 1985 ἔργα
1102 1905 1216 1987 σοφίας
1229 1905 1336 1970 πολλοὶ

233 2027 413 2108 δὀἔνδρείαε,
444 2027 618 2105 οξμννστίαν
652 2027 872 2107 ὑπολαβοῦσαν
904 2026 955 2092 καὶ
989 2027 1113 2107 σιωπήν,
1145 2027 1233 2092 ἄλλα
1265 2033 1337 2098 ταῖς

234 2148 428 2227 ἁγιωτάταις
463 2147 648 2227 οδναμΙξασα
683 2155 828 2220 τελεταῖς
863 2145 982 2220 εἰκόνας
1018 2148 1070 2212 καὶ
1108 2149 1247 2222 ὑπονοίας
1282 2149 1335 2215 καὶ

233 2271 408 2349 μιμήματα
431 2275 489 2334 σῶν
512 2269 583 2335 rire
606 2266 808 2348 παθνμοίσνον,
834 2268 998 2347 εὐσεβείας
1023 2269 1097 2345 δμοῦ
1121 2269 1263 2348 δίδαγμα
1283 2269 1335 2334 καὶ

236 2391 425 2471 παραμύθιον
467 2389 591 2470 οδνδροὶσο
621 2391 678 2455 οιαὶ
713 2389 853 2469 ννναοξδν
881 2390 946 2455 ’ὑπὸ
981 2395 1143 2472 συμφορῶν
1179 2391 1334 2471 ἐχομένοις

237 2512 338 2590 ὁμοίαν
371 2511 570 2592 καθωσίωσεν,
601 2513 623 2577 i.
636 2533 664 2578 e.
695 2533 759 2577 non
789 2513 951 2578 commisit
969 2515 1025 2594 (sc.
1048 2511 1122 2594 Isis)
1144 2516 1192 2577 utv
1206 2511 1335 2579 silentio

230 2642 262 2700 et
291 2634 453 2702 oblivione
483 2639 703 2721 premerentur
734 2636 909 2700 certamina
939 2655 1173 2721 aerumnasque
1205 2655 1280 2702 suae
1303 2641 1336 2702 et

228 2778 360 2836 errores,
392 2758 509 2842 quibus
539 2756 642 2822 fuerat
671 2758 800 2834 iactata,
827 2777 929 2843 neque
952 2777 1044 2842 passa
1067 2763 1115 2822 est
1138 2765 1206 2822 tam
1229 2757 1336 2824 multa

226 2881 398 2964 sapienter,
429 2877 532 2944 multa
557 2878 681 2944 fortiter
703 2899 722 2942 a
743 2899 776 2944 se
798 2884 891 2965 gesta
913 2877 1042 2944 silentio
1066 2877 1254 2959 oblitterari,
1278 2880 1333 2946 sed

226 3002 439 3066 sanctissimis
469 2999 576 3066 teletis
605 2999 782 3066 admiscens
812 3003 980 3088 imagines,
1010 3001 1137 3080 indicia,
1169 3007 1201 3068 et
1226 3003 1333 3068 imita·

227 3128 339 3188 menta
361 3143 494 3188 suarum
516 3122 747 3200 calamitatum,
771 3122 870 3187 simul
892 3129 924 3188 et
942 3125 1072 3209 pietatis
1092 3123 1330 3200 documentum,

226 3252 260 3312 et
291 3243 443 3311 solatium
473 3246 552 3311 viris
582 3243 834 3330 mulieribusque
861 3245 993 3311 adversa
1015 3246 1142 3311 fortuna
1165 3246 1331 3311 utentibus

208 3368 433 3466 consecravit.
464 3366 535 3433 Non
566 3364 718 3432 fabularis
749 3371 878 3432 tantum
908 3366 1058 3433 historiae
1090 3370 1124 3432 in
1149 3369 1331 3433 initiatione

228 3488 470 3577 qualiscumque
490 3488 623 3554 dabatur
642 3490 898 3574 repraesentatio,
918 3487 973 3553 sed
992 3491 1081 3554 varia
1092 3510 1179 3554 sacra
1190 3487 1330 3567 vinculo,

229 3618 268 3678 ut
291 3631 388 3698 supra
411 3613 443 3697 (ξ
458 3610 489 3690 8,
513 3633 544 3698 p.
564 3609 623 3692 25)
645 3609 797 3688 diximus,
820 3610 1062 3675 continebantur
1083 3611 1239 3698 mythico.

266 3828 290 3889 1)
311 3826 424 3887 suern,
448 3825 513 3876 Hiet.
536 3825 561 3876 d.
583 3825 649 3876 culte
667 3824 709 3874 des
728 3823 777 3873 (liv.
794 3823 889 3874 d’Alex.
906 3840 930 3890 p.
949 3821 1054 3876 ili-tl.
1072 3823 1110 3874 Cf.
1125 3829 1150 3874 et
1166 3822 1189 3875 J.
1207 3822 1329 3884 Remus,

228 3909 265 3961 Ina
282 3909 395 3976 Religion
412 3909 426 3959 δ
445 3910 521 3960 Rome
539 3925 595 3958 sous
612 3907 648 3957 les
665 3905 774 3968 Se‘viree,
790 3922 814 3971 p.
833 3907 873 3957 to.
