3346 5376
746 522 787 590 77

221 702 314 784 ἕτεροθ
337 728 415 775 τινες
440 704 465 768 cl
488 707 593 768 ταῦτα
617 704 848 780 διακονούμενοι.
873 705 957 786 Quin
981 711 1012 771 et
1035 707 1194 793 gentilieii
1217 705 1312 794 scrip·

219 832 302 892 tores
333 825 469 890 eundem
500 828 534 890 in
566 826 698 891 modum
729 826 917 912 quandoque
946 827 1138 913 loquuntur;
1163 829 1202 894 cf.
1228 851 1255 895 e.
1277 851 1311 918 g.
1353 865 1357 874 ,

219 946 397 1012 Diodorum
427 945 584 1025 Siculum,
615 947 653 1012 de
684 946 786 1012 Idaeis
819 947 964 1035 Dactylis
997 949 1074 1015 haec
1104 953 1138 1014 in
1167 951 1313 1016 medium

218 1068 439 1153 proferentem,
466 1066 503 1144 V,
529 1067 588 1132 64:
614 1065 811 1147 ὑπάρξαντας
836 1069 868 1134 δὲ
889 1068 1011 1147 νθητοις
1032 1071 1227 1146 ἐπιτηδεῦσαι
1252 1071 1312 1145 τάς

219 1215 254 1255 τε
284 1191 402 1270 ἐπῳδάς
435 1189 487 1254 καὶ
519 1192 650 1264 τελετάς
679 1193 731 1256 καὶ
755 1192 918 1277 μυστήρια,
943 1191 995 1256 καὶ
1019 1193 1086 1272 περὶ
1111 1195 1312 1279 Σαμοθρᾴκην

218 1313 433 1394 διατρίψαντες
466 1313 499 1377 οὐ
530 1315 659 1392 μετρίας
691 1314 721 1378 ἐν
752 1316 870 1386 τούτοις
903 1315 1088 1388 ἐκπλήττειν
1118 1316 1187 1389 τοὺς
1212 1319 1313 1398 ἔγχυ-

218 1435 306 1516 ρθους.
337 1435 447 1500 Unum
479 1457 517 1500 ex
549 1435 615 1500 illis
639 1435 813 1501 Herculem
840 1441 987 1502 vocatum
1011 1443 1172 1515 asserunt,
1196 1445 1313 1514 σημεῖα

219 1557 250 1622 δὲ
283 1557 396 1621 τούτων
427 1555 509 1636 φασδ
542 1555 694 1633 διαμένειν
726 1557 759 1620 τὸ
791 1557 913 1628 πολλάς
936 1564 993 1622 τῶν
1017 1565 1167 1636 γυναικῶν
1190 1556 1235 1623 ἔτι
1258 1558 1310 1624 καὶ

219 1683 268 1742 νῦν
297 1661 475 1756 λαμβάνειν
499 1677 618 1759 ἐπῳδάς
643 1677 705 1742 άπὸ
730 1678 838 1743 τούτου
861 1683 914 1742 τοῦ
938 1681 1003 1743 θεοῦ
1026 1679 1077 1744 καὶ
1103 1681 1311 1759 περιάμματα

220 1807 328 1877 ποιεῖν,
361 1801 398 1871 άς
427 1800 588 1877 γεγονότος
611 1795 707 1864 αὐτοῦ
730 1800 839 1877 γθητος
864 1801 915 1864 καὶ
939 1802 980 1865 τά
1004 1800 1070 1874 περὶ
1095 1801 1153 1873 τάς
1180 1802 1312 1876 τελετάς

219 1920 494 2004 ἐπιτετηδευκότος.

262 2043 382 2122 Quodsi
412 2044 484 2127 quis
515 2062 628 2129 magos
658 2063 755 2127 quam
782 2045 922 2108 maxime
946 2063 964 2107 a
986 2045 1150 2130 mysteriis
1174 2046 1312 2110 arcuisse
1365 2069 1369 2076 ·

218 2165 391 2230 sacerdotes
426 2163 644 2229 Eleusiniacos
660 2165 683 2238 ¹)
714 2165 874 2241 observet,
918 2186 993 2230 eum
1028 2171 1138 2230 contra
1172 2166 1310 2252 rogabo,

219 2307 296 2350 num
319 2284 552 2370 Neoplatcnici,
576 2287 632 2369 qui
655 2290 762 2349 tamen
785 2284 883 2349 multi
906 2287 940 2348 in
964 2288 1100 2371 magicis
1125 2291 1214 2350 erant
1238 2289 1312 2351 erti-

221 2405 304 2483 ficiis,
329 2407 627 2492 praestigiatoribus
652 2426 793 2491 unquam
816 2427 883 2470 sese
900 2403 1199 2471 adnumerauerintl
1222 2405 1310 2471 Dum

221 2531 359 2606 γοητείαν
391 2528 663 2605 abominabantur,
695 2525 839 2592 colebant
869 2527 1063 2614 theurgiam,
1081 2514 1143 2592 ¹neo
1168 2529 1312 2615 theurgi·

218 2671 269 2716 cae
292 2653 511 2726 caerimoniae,
535 2657 573 2714 ut
596 2671 691 2735 supra
714 2651 929 2736 exposuimus,
954 2671 972 2714 a
991 2651 1138 2736 mysticis
1158 2653 1310 2717 caerimo-

216 2775 278 2836 niis
297 2772 389 2857 plane
409 2772 637 2857 discrepabant.
663 2772 746 2852 Quid
768 2773 887 2836 mirum
910 2773 1022 2857 igitur,
1043 2773 1071 2835 si
1090 2792 1107 2836 e
1127 2770 1310 2838 Platonicae

214 2893 432 2981 philosophiae
451 2894 657 2959 sectatoribus
678 2901 709 2958 et
728 2892 870 2976 δᾳδοῦχοι
885 2891 911 2973 ⁹)
931 2894 1029 2957 creati
1041 2898 1115 2956 sunt
1128 2898 1160 2958 et
1172 2893 1311 2972 ἱεροφάν-

214 3041 266 3081 ται
282 3012 328 3095 ³)?
361 3015 471 3100 Neque
501 3014 686 3080 sacerdotali
709 3035 841 3078 munere
864 3035 938 3078 oum
962 3014 1181 3100 fungerentur,
1205 3015 1308 3101 magi-

213 3158 323 3201 carum
343 3140 462 3201 artium
481 3139 692 3201 immemores
707 3142 807 3200 erant,
838 3133 885 3201 Of.
907 3155 986 3219 qnae
1006 3134 1151 3198 Zosimus
1171 3139 1305 3212 enarrat,

213 3267 326 3323 auctor
349 3259 409 3324 fide
431 3261 564 3323 minime
584 3258 744 3343 indignus,
765 3255 816 3340 IV,
841 3256 898 3320 18:
919 3241 1115 3336 Nerrdpror⁴)
1135 3257 1165 3320 ἕν
1185 3256 1305 3330 ἐκείνοις

212 3427 383 3436 ----

248 3518 273 3577 1)
290 3515 328 3564 Cs.
345 3515 487 3563 Philostrat.
505 3513 521 3562 i.
539 3513 581 3561 vit.
601 3511 683 3577 Apoll.
702 3511 745 3569 IV,
764 3512 803 3560 18.

247 3599 272 3660 2)
290 3598 327 3647 Ol.
345 3598 533 3654 Guseouovrus
553 3595 637 3643 Geseh.
656 3595 697 3642 der
714 3594 784 3643 stadt
802 3593 881 3642 Athen
897 3593 930 3642 im
944 3593 1097 3652 Mittelalter‚
1111 3599 1171 3644 tom.
1185 3593 1206 3654 I,
1220 3610 1244 3660 p.
1259 3595 1303 3655 283

212 3683 242 3731 cl.
270 3690 294 3730 et
318 3697 342 3745 p.
370 3682 413 3728 bb:
440 3679 498 3741 (Die
525 3678 666 3726 Pletoniker
691 3677 744 3726 eine
770 3677 867 3738 Schule)
888 3677 1074 3735 „eleusiuischer
1091 3677 1239 3758 Schwirmer
1256 3677 1305 3726 und

213 3761 400 3812 Geistersehcr'’.

248 3847 271 3909 8)
288 3847 325 3896 Ol.
342 3847 436 3911 Ennap.
456 3846 472 3896 i.
490 3845 533 3894 vit.
551 3844 618 3892 Mu.
636 3843 672 3892 ed.
691 3841 781 3891 Boios.¹
802 3842 827 3892 in
844 3841 900 3892 coll.
918 3842 973 3892 Did.
991 3859 1015 3907 p.
1033 3843 1090 3896 47⁶.
1167 3859 1169 3864 ·

246 3929 271 3991 4)
294 3928 399 3979 Nestorii
423 3935 486 3977 artes
503 3927 609 3992 magicae
627 3933 709 3990 postea
726 3925 812 3973 Proclo
830 3925 974 3989 philosopho
991 3925 1124 3974 innotuisse
1141 3925 1214 3974 refert
1231 3923 1305 3973 Mari-

212 4027 265 4070 nus,
287 4011 341 4061 vit.
363 4011 442 4060 Procl.
466 4011 510 4059 28:
534 4011 591 4065 ταῖς
613 4009 661 4070 γάρ
685 4011 733 4054 τάν
751 4004 880 4055 Χαλδαίων
897 4005 1039 4055 συστάσεσι
1056 4007 1098 4056 καὶ
1114 4003 1244 4069 ἓντυχθαις
1262 4005 1303 4054 καὶ

212 4095 267 4152 τοῗς
287 4093 358 4151 θείοις
375 4093 417 4142 καὶ
434 4091 584 4155 άφθέγκτοις
602 4088 753 4152 στροφάλοις
771 4086 892 4151 ἐκέχρητο
910 4097 951 4152 (sc.
969 4091 1083 4153 Procles).
1101 4088 1203 4152 καὶγὰρ
1218 4091 1304 4138 ταῦτα

213 4174 367 4239 παρειλήφει,
392 4177 434 4224 καὶ
459 4176 506 4232 τάς
533 4171 680 4236 ἐκφωνήσεις
706 4171 748 4220 καὶ
774 4171 819 4229 τήν
848 4170 926 4228 άλλην
951 4175 1041 4233 χρῆσιν
1063 4171 1144 4220 αὐτῶν
1168 4169 1303 4233 μεμαθήκει

214 4260 278 4320 παρά
306 4257 526 4320 Ἀσκλητιγσνεθας
553 4258 597 4312 τής
624 4252 793 4315 Πλουτάρχου
821 4255 969 4318 (philosophi
993 4255 1114 4304 Platonici
1140 4271 1167 4303 ac
1193 4254 1305 4318 magistri

212 4340 302 4401 Procli)
325 4339 452 4402 θυγατρός.
476 4339 533 4399 παρ’
556 4335 620 4400 αὐτή
642 4337 691 4398 γάρ
709 4335 751 4383 καὶ
768 4337 828 4398 μάνη
848 4335 957 4401 ἐσάζετο
975 4336 1024 4385 ἀπὸ
1041 4337 1178 4399 Νεστορθον
1195 4339 1241 4385 του·
1260 4352 1303 4397 με·

211 4422 294 4485 γάλον
316 4422 389 4486 ’θργια
414 4421 456 4471 καῖ
476 4420 491 4477 ή
510 4420 633 4482 σύμπασα
651 4417 775 4480 θεονργική
794 4417 891 4480 άγοιγή,
909 4417 950 4467 δια
968 4421 1012 4468 ποθ
1031 4421 1125 4482 πατρὸς
1142 4417 1206 4482 αὐτῇ
1223 4434 1304 4482 παρα-

211 4505 317 4554 δοθεῖσα.
