3346 5376
743 471 785 538 73

221 658 279 723 den
311 657 417 722 Boden
447 656 501 721 der
529 630 668 721 Rcalittt
691 654 916 740 ubertragen’t
951 653 1134 720 Indicorum
1157 675 1230 720 suns
1254 655 1311 718 cir-

206 779 397 853 culatorum
427 779 619 863 praestigias
646 779 680 841 in
710 781 852 842 mentem
880 781 1007 842 revocat
1029 775 1125 842 schol.
1150 775 1190 840 ed
1212 775 1309 842 Hom.

217 900 255 964 Il.
279 909 308 964 N
323 899 383 964 21:
411 899 530 980 Αἰγέος]
554 897 642 968 πόλις
667 899 805 976 Ἀχαίας
830 897 860 960 ἐν
884 899 1099 975 Πελοποννήσῳ
1114 894 1150 976 ¹),
1175 895 1245 960 ἐνύα
1269 918 1313 958 τι-

217 1023 318 1099 μῖιται
349 1019 406 1095 μὲν
435 1018 449 1082 ὃ
481 1017 638 1096 Ποσειδῶν,
671 1017 786 1096 ύχεται
818 1017 848 1082 δέ
880 1017 930 1082 καὶ
962 1017 1094 1098 Διονύσῳ
1119 1017 1214 1096 έορτη,
1239 1017 1268 1080 ἐν
1293 1013 1312 1098 ᾗ

217 1141 384 1218 ύαυμύσιον
416 1140 624 1204 ἐπιτελεῖσύαύ
652 1146 749 1220 φασιν
774 1137 869 1220 ἔργον,
895 1139 1017 1204 ἐπειδὰν
1043 1143 1057 1204 ύ
1080 1139 1168 1219 χόρος
1193 1138 1310 1210 τυστοδς

217 1266 275 1336 τὰς
299 1265 352 1326 τοῦ
377 1261 513 1337 δαίμονος
538 1263 672 1334 τελετὰς
694 1260 835 1343 δργιοὶζη·
857 1261 993 1338 ἄμπελοι
1014 1260 1087 1340 γάρ,
1107 1253 1145 1331 διο
1167 1266 1311 1324 καλοῦσιν

220 1384 397 1464 ἐφημέρους,
421 1384 606 1463 ἀνισχούσης
630 1384 685 1460 μέν
713 1383 825 1462 ἡμέρας
851 1383 1064 1461 βλαστάνουσι
1088 1383 1213 1463 καρπύν,
1234 1378 1310 1448 ύστε
1375 1365 1378 1371 ’

219 1507 381 1586 δρέποντας
407 1506 518 1578 αὐτοὺς
543 1505 672 1586 ἑσπέριος
696 1501 768 1570 οένον
788 1504 917 1587 ι’έφύονον
938 1501 1032 1586 ἔχειν.
1055 1507 1071 1580 ἡ
1091 1506 1206 1584 ἱστορία
1226 1505 1311 1583 παροδ

219 1627 384 1708 Εύφορίωνι
398 1625 436 1709 ²).
472 1626 533 1692 Sed
565 1629 641 1712 quid
673 1624 784 1714 plural
821 1627 863 1692 Ut
894 1627 1014 1692 Hecate
1045 1629 1128 1692 inter
1158 1627 1240 1704 deas,
1269 1629 1313 1690 sic

218 1754 302 1816 inter
336 1751 409 1814 deos
440 1749 601 1836 Dionysus
633 1748 705 1813 κατ’
737 1747 847 1829 ἐξοχὴν
870 1747 1068 1813 mirabilium
1092 1770 1200 1823 rerum
1222 1748 1315 1812 hebe-

218 1874 314 1938 batur
347 1877 472 1950 euctor3
506 1877 600 1956 atque
631 1871 687 1934 ubi
715 1872 849 1934 numine
879 1869 1034 1934 miraculo
1064 1870 1173 1947 edunt,
1205 1871 1251 1934 ibi
1282 1873 1314 1932 et

219 1996 310 2059 festis
332 1995 505 2058 numinum
528 1991 639 2056 diebus
663 1993 815 2057 eveniunt
837 1991 1001 2056 miracula.

265 2115 493 2180 Samothraciis
517 2117 612 2178 sacris
635 2116 754 2178 initiati
777 2119 863 2178 tutos
886 2134 953 2178 sese
976 2117 1008 2176 et
1031 2133 1049 2177 e
1072 2113 1314 2198 tempestatibus

221 2238 393 2301 maritimis
427 2241 459 2300 et
490 2237 528 2300 ab
562 2235 709 2299 omnibus
739 2236 867 2299 omnino
897 2233 1048 2318 periculis
1080 2234 1313 2310 existimabunt,

226 2354 326 2420 Schol.
352 2356 392 2420 ad
416 2354 577 2439 Aristoph.
604 2346 677 2419 Pac.
702 2352 784 2420 277:
810 2355 862 2418 Ἐν
886 2355 1069 2438 Σαμούρρύκη
1091 2351 1315 2429 treveriren!

225 2499 309 2555 τινες,
335 2468 372 2548 έις
399 2475 516 2539 ἐδόκουν
540 2476 695 2538 τελεῖσθαι
719 2476 790 2553 πρὸς
816 2473 1066 2554 ἀλεξιφάρμακα
1087 2498 1156 2539 τινα
1176 2475 1314 2540 κινδύνων

223 2597 274 2664 vol
305 2599 334 2661 ἐν
362 2597 502 2668 κινδύνοις
528 2597 559 2661 δέ
583 2597 737 2674 γενόμενοι
764 2598 968 2662 ἐπεκαλοῦντο
993 2597 1061 2670 τοὺς
1087 2597 1247 2674 δαίμονας,
1272 2591 1313 2669 οἷς

221 2718 336 2784 έδύκουν
361 2721 548 2796 μεμνῆσθαι,
574 2719 760 2798 ἐπιφανῆναι
785 2719 836 2783 καὶ
858 2718 1021 2797 οέλεξῆσαι,
1042 2719 1081 2784 ed
1102 2741 1133 2784 v.
1157 2715 1241 2784 278:
1261 2719 1314 2784 Τδι

221 2842 374 2919 μυστήρια
404 2843 461 2905 τῶν
488 2840 655 2920 Καβείρων.
691 2841 810 2906 δοκοῦσι·
833 2842 862 2906 δέ
888 2841 913 2905 οἱ
938 2842 1125 2917 μεμυημένοι
1151 2845 1257 2904 ταῦτα.
1281 2843 1314 2905 ἐκ

220 2965 319 3028 δεινῶν
349 2963 493 3042 σύζεσύαι
526 2963 578 3026 καὶ
609 2964 642 3026 ἐκ
665 2963 834 3042 χειμώνων.
872 2963 973 3044 Quom
998 2963 1156 3029 adfinem
1180 2969 1316 3050 mystae,

219 3093 258 3150 ut
281 3106 377 3170 supra
399 3085 550 3160 vidimus,
574 3085 670 3149 fascic
692 3106 853 3170 purpurea·
873 3091 1018 3158 ventrem
1042 3085 1315 3170 circumligabant.

222 3207 309 3288 Quae
332 3207 428 3271 fascia
451 3206 612 3284 κρηδέμνου
636 3205 725 3270 illius
748 3206 837 3271 affert
860 3209 1063 3284 memorium,
1089 3207 1174 3292 quod
1196 3228 1214 3272 a
1236 3206 1317 3272 Leu-

220 3329 330 3394 cothea
361 3331 481 3414 accepit
512 3327 660 3414 Ulysscs,
694 3327 751 3392 od.
783 3352 807 3406 ε,
841 3327 1037 3406 333-462;
1071 3329 1110 3394 cf.
1144 3327 1241 3394 schol.
1275 3329 1316 3394 ad

221 3449 327 3536 Apoll.
351 3448 454 3513 Rhod.
478 3449 555 3535 Arg.
580 3447 606 3524 I,
633 3446 715 3514 917:
741 3448 792 3512 καὶ
818 3448 974 3514 Ὀδυσσέα
998 3450 1029 3514 δέ
1054 3457 1135 3530 Φασι
1159 3449 1319 3526 μεμυημέ-

223 3595 270 3636 νον
299 3573 328 3634 ἐν
354 3570 540 3654 Σαμούρρὶκη
562 3569 736 3652 χρύσασύαι
763 3570 914 3650 κρηδέμνῳ
937 3571 1005 3636 ἀντὶ
1030 3575 1162 3643 ταινιῖις.
1199 3571 1318 3637 Leuco-

226 3723 397 3733 ————-

259 3801 283 3861 1)
300 3798 355 3848 Non
372 3799 450 3862 Aegas
467 3799 492 3847 in
510 3798 610 3856 Acheie,
631 3799 672 3847 esd
689 3798 715 3846 in
731 3797 830 3847 Euboea
846 3815 871 3846 re
885 3815 942 3847 vere
957 3798 1078 3862 designari
1094 3797 1207 3863 opinatur
1219 3797 1318 3858 Muses,

226 3883 344 3947 Orpheus,
361 3898 384 3946 p.
403 3881 458 3939 101,
479 3881 535 3929 edn.
554 3881 619 3942 131).
1060 3939 1061 3943 Ἰ

258 3967 282 4028 2)
305 3966 338 4014 Et
355 3965 419 4028 apud
436 3963 497 4012 elios
515 3964 642 4028 scriptores
660 3963 689 4012 de
708 3963 833 4012 arboribus
850 3963 960 4012 berbieve
976 3964 1099 4012 celerrime
1114 3965 1318 4013 succrescentibus

224 4050 252 4098 fit
275 4047 377 4106 mentio;
402 4047 432 4096 ci.
457 4047 528 4095 modo
553 4046 678 4094 Mnmrrn
696 4045 721 4094 in
738 4046 810 4094 Auel.
830 4045 891 4094 elex.
909 4047 940 4094 ed
957 4046 1037 4110 Euph.
1055 4047 1098 4109 frg.
1118 4045 1237 4098 CXXXII.
1264 4045 1319 4095 Non

224 4140 307 4182 temen
329 4146 383 4178 oum
404 4130 505 4178 Blochio
527 4129 585 4191 (Der
606 4128 668 4176 Xult
690 4129 739 4176 und
761 4128 800 4177 die
824 4128 954 4192 Mysterien
980 4145 1025 4176 von
1051 4127 1153 4186 Eleusis,
1171 4144 1195 4192 p.
1212 4127 1253 4190 30)
1270 4128 1319 4178 huc

224 4217 313 4264 referre
329 4213 405 4262 ausim
425 4213 454 4261 τδ
473 4210 541 4274 μέγα
558 4211 600 4259 καὶ
614 4210 757 4272 ύανμαστδν
770 4210 812 4260 καὶ
825 4213 987 4260 τελειότατον
1004 4211 1136 4260 ἐποπτικδν
1152 4207 1203 4259 ἐκεῖ
1217 4211 1317 4272 μυστη-

227 4314 273 4358 ριον
290 4293 315 4344 ἐν
333 4298 420 4358 σιωπῇ,
438 4291 604 4355 τεθερισμένον
622 4292 732 4355 τπύχνν,
749 4293 849 4358 Hippol.
866 4294 927 4342 Adv.
946 4294 1019 4342 Heer.
1037 4311 1060 4358 p.
1081 4295 1136 4353 162,
1152 4295 1266 4344 vertendo
1283 4311 1315 4346 sc.

225 4375 402 4438 τεύερισμένον,
424 4394 473 4426 non
498 4384 526 4426 ut
550 4377 619 4436 solet,
644 4376 809 4435 „demessam”
832 4377 873 4425 sed
897 4377 945 4435 „ed
967 4377 1134 4426 maturitatem
1160 4377 1318 4442 perductsm''

225 4461 290 4524 (cine
307 4460 357 4518 „irn
373 4459 460 4509 Stillen
477 4459 575 4524 gereilte
594 4459 706 4520 Aehre'').
