3404 5368
870 513 912 581 38

345 705 509 789 praecipit,
533 703 641 768 decem
665 691 824 769 continuis
845 701 912 767 illis
935 702 1046 768 diebus
1069 702 1220 767 cibariam
1239 700 1438 787 voluptatem

346 844 519 890 coercerem
549 845 650 911 neque
680 824 786 891 ullum
816 823 936 891 animal
965 843 1067 889 essem
1097 829 1129 889 et
1158 825 1302 890 invinius
1324 845 1437 890 essem.

346 943 423 1026 Quis
456 945 630 1012 venerabili
660 949 852 1013 coutinentia
882 948 943 1012 rite
973 948 1107 1011 serratis
1135 947 1202 1010 iam
1233 945 1300 1012 dies
1330 945 1439 1012 aderat

344 1065 453 1132 divino
476 1067 653 1163 destinatus
675 1068 857 1134 vadimonio
880 1072 913 1133 et
936 1066 984 1133 sol
1002 1072 1154 1134 curvatus
1173 1066 1353 1133 intrahebat
1370 1087 1439 1134 ves·

343 1209 463 1274 param.
487 1187 571 1254 'llum
593 1211 663 1256 ecce
686 1189 850 1256 confluunt
870 1188 1010 1275 undique
1029 1189 1141 1254 turbae
1157 1193 1353 1255 sacratorum
1371 1191 1438 1256 ritu

342 1313 471 1376 vetusto
494 1313 593 1376 variis
616 1313 749 1397 quisque
772 1331 824 1376 me
847 1310 1033 1375 muneribus
1055 1309 1254 1375 honorantes.
1282 1307 1370 1374 Tune
1394 1329 1439 1375 se·

338 1433 440 1497 motis
457 1432 569 1518 procul
586 1433 724 1519 profanis
743 1433 891 1499 omnibus
909 1432 1010 1498 linteo
1028 1422 1164 1518 rudique
1183 1452 1235 1497 me
1254 1435 1437 1498 contectum

342 1555 534 1620 amicimine·
546 1554 676 1641 adrepta
698 1576 797 1620 manu
819 1552 963 1620 sacerdos
983 1553 1110 1620 deducit
1129 1553 1169 1620 ad
1186 1555 1288 1641 ipsius
1307 1554 1436 1621 sacralii

341 1675 536 1762 penetralia’'
552 1674 587 1758 ¹).

385 1796 505 1878 Quodsi
538 1800 731 1883 quaerimus,
763 1796 861 1862 multi
891 1797 1024 1883 paucine
1056 1801 1153 1862 testes
1182 1795 1303 1862 fuerint
1331 1796 1437 1861 initia·

339 1919 455 1997 tionis,
486 1918 572 1984 hand
601 1921 739 1984 incertos
768 1919 827 1984 hac
859 1918 897 1984 de'
927 1940 961 1983 re
991 1939 1048 1984 nos
1078 1920 1154 1983 sinit
1176 1939 1244 1985 esse
1267 1916 1434 2003 Apuleius.

339 2039 518 2106 Audiamus
536 2043 644 2127 ipsum
661 2041 861 2118 referentem,
881 2040 966 2126 qnod
984 2039 1092 2106 solum·
1109 2045 1214 2127 potest
1229 2042 1297 2106 sine
1308 2037 1435 2126 piaculo

338 2163 479 2248 profanis
501 2165 676 2228 enuntiari:
701 2163 875 2241 „Perfectis
898 2145 1092 2230 solemnibus
1111 2165 1248 2250 processi
1267 2162 1435 2228 duodecim

339 2286 470 2350 sacratis
496 2271 592 2350 stolis
611 2285 768 2365 <iniectio
790 2285 973 2368 armabo>
996 2287 1110 2352 habitu
1133 2284 1263 2372 quidem
1285 2283 1435 2372 religioso

339 2407 438 2495 satis„
450 2405 505 2472 sed
529 2405 616 2472 effari
639 2405 677 2472 de
700 2428 736 2472 eo
759 2405 848 2472 nullo
867 2406 995 2473 vinculo
1016 2408 1194 2493 prohibeor,
1215 2408 1332 2493 quippe
1352 2404 1436 2492 qnod

341 2532 418 2592 tunc
435 2530 589 2613 temporis
607 2527 715 2594 videre
731 2534 912 2613 praesentes
928 2527 1082 2616 plurimi”
1094 2530 1130 2610 ²).
1146 2528 1237 2595 Unde
1248 2529 1325 2593 satis
1336 2532 1434 2614 patet,

339 2649 419 2734 ipsis
441 2650 606 2714 nocturnis
628 2651 827 2715 caerimoniis
848 2672 911 2716 non
934 2649 1100 2736 plurimos,
1124 2649 1179 2715 sed
1201 2669 1319 2735 paucos
1341 2651 1438 2715 inter·

340 2769 448 2849 finisse,
477 2790 580 2856 neque
605 2769 678 2836 illas
703 2773 834 2849 „turbas
857 2774 953 2838 sacris
977 2771 1094 2838 divinis
1116 2771 1281 2838 initiatos''
1304 2792 1339 2838 re
1359 2791 1437 2840 vera

242 2909 244 2916 ⁴
341 2911 459 2978 magno
483 2892 583 2958 fnisse
605 2913 747 2960 numero.

386 3013 456 3079 Hac
480 2996 605 3101 quoque
626 3017 660 3080 in
682 3037 716 3081 re
739 3015 920 3082 Mithriacis
941 3018 1115 3104 mysteriis,
1140 3015 1180 3082 ad
1199 3037 1279 3102 quae
1297 3015 1434 3104 singulis

339 3137 373 3202 in
396 3135 526 3222 templis
546 3159 607 3203 non
627 3139 689 3203 nisi
708 3159 825 3224 paucos
844 3159 911 3206 esse
931 3139 1085 3206 admissos
1103 3139 1158 3206 rel
1177 3160 1216 3205 ex
1235 3138 1434 3224 spelaeorum

340 3257 605 3324 aedificandorum
628 3261 749 3326 ratione
771 3265 859 3345 patet
872 3261 907 3342 ³),
931 3261 1017 3326 hand
1038 3259 1198 3327 absimilia
1217 3268 1307 3326 erant
1324 3259 1434 3339 isiaca,

339 3382 377 3441 ut
407 3377 507 3443 ferme
536 3380 620 3444 inter
651 3382 818 3467 utriusque
847 3380 1015 3469 religionis
1045 3384 1251 3448 caerimonias
1281 3381 1435 3468 quaedam

340 3495 518 3565 similitudo
540 3501 754 3566 intercedebat
767 3502 803 3584 ⁴).

385 3617 438 3686 Ad
457 3618 535 3686 elias
554 3622 769 3709 Aegyptiacae
788 3624 904 3709 quibus
923 3622 1077 3710 Apuleius
1097 3624 1244 3688 initiatus
1264 3628 1312 3689 est
1323 3621 1435 3689 teletas

340 3764 402 3808 non
424 3744 487 3808 nisi
510 3742 683 3808 admodum
706 3747 816 3831 paucis
838 3745 967 3832 patebat
989 3745 1105 3812 aditus.
1130 3743 1259 3811 Scibcet
1281 3749 1354 3811 ante
1376 3750 1437 3810 ter·

339 3867 420 3931 tiam
454 3867 668 3932 initiationem
703 3865 841 3932 Lucium
874 3887 993 3954 magna
1028 3887 1104 3933 cura
1133 3865 1321 3945 sollicitum,
1353 3863 1436 3953 quod

374 4017 401 4082 1)
418 4017 478 4068 nas.
496 4015 540 4076 rr,
558 4003 597 4067 aa.
864 4015 888 4079 a>
904 4017 965 4068 nat.
982 4016 1025 4077 ru,
1043 4016 1083 4067 aa.

374 4099 398 4161 8)
421 4098 593 4164 Amplissimae
616 4097 710 4148 scilicet
733 4115 795 4164 quae
818 4099 942 4164 bucusque
964 4101 1063 4149 effumae
1085 4104 1264 4166 suntcryptue,
1281 4100 1434 4150 vincentum

339 4182 449 4231 homines
472 4182 594 4232 continere
617 4187 726 4247 possunt.
749 4182 786 4231 Ol.
804 4181 913 4235 Cuuour
932 4183 948 4233 i.
957 4199 980 4233 r.
999 4181 1104 4232 Mithrae
1121 4199 1145 4248 p.
1163 4183 1240 4243 acea
1258 4184 1289 4232 cf.
1307 4189 1331 4234 at
1347 4183 1434 4234 'Partes

339 4270 363 4313 et
380 4263 447 4313 Mon.
466 4269 524 4314 tom.
542 4264 563 4323 I,
580 4281 604 4329 p.
618 4265 649 4312 65
669 4269 692 4313 et
710 4263 766 4314 328.

373 4349 397 4408 4)
421 4346 540 4407 Currum,
562 4347 648 4396 'Partes
672 4353 697 4396 et
713 4347 781 4396 Mon.
796 4351 854 4396 tom.
872 4346 893 4406 Ι,
910 4364 934 4413 p.
953 4348 1000 4398 328
1019 4349 1076 4398 adn.
1092 4347 1135 4414 4):
1155 4319 1299 4412 „Beaucbup
1318 4348 1347 4397 da
1364 4348 1435 4397 truita

340 4430 383 4478 des
405 4429 520 4494 myrtites
543 4430 622 4490 d’Isis,
644 4431 690 4480 tels
712 4428 847 4495 qn'Apulde
869 4430 904 4480 les
928 4429 1032 4497 depeint,
1053 4437 1108 4481 sont
1130 4430 1278 4498 applicables
1297 4430 1312 4479 b
1328 4445 1387 4480 ceux
1405 4431 1434 4482 de

341 4511 459 4572 Mithra'’,
475 4513 505 4561 ol.
524 4517 588 4580 etp.
607 4514 653 4564 319
672 4520 696 4563 et
714 4514 760 4565 eal
779 4514 834 4563 adn.
853 4514 885 4578 6).
